@article{AB03,
  number = {3},
  volume = {46},
  author = {A.A. Anwar and A.S. Bahaj},
  year = {2003},
  journal = {IEEE Transactions on Education},
  pages = {359-367},
  title = {Student Project Allocation Using Integer Programming}
}

@article{ACL99,
  volume = {4},
  author = {B. Aldershof and O.M. Carducci and D.C. Lorenc},
  year = {1999},
  journal = {Constraints},
  pages = {281-292}},
  title = {Refined Inequalities for Stable Marriage}
}

@article{AIKM07,
  volume = {37},
  author = {D.J. Abraham and R.W. Irving and T. Kavitha and K. Mehlhorn},
  year = {2007},
  journal = {SIAM Journal on Computing},
  pages = {1030-1045},
  title = {Popular Matchings}
}


@article{AIM07,
  number = {1},
  volume = {5},
  author = {D.J. Abraham and R.W. Irving and D.F. Manlove},
  year = {2007},
  journal = {Journal of Discrete Algorithms},
  pages = {79-91},
  title = {Two algorithms for the {S}tudent-{P}roject allocation problem}
}

@article{APR05,
  number = {2},
  volume = {95},
  author = {A. Abdulkadiro\mbox{\v glu} and P.A. Pathak and A.E. Roth},
  year = {2006},
  journal = {American Economic Review},
  pages = {364-367},
  title = {The {N}ew {Y}ork {C}ity high school match}
}


@article{AS03,
  number = {3},
  volume = {93},
  author = {A. Abdulkadiro\mbox{\v glu} and T. S\"onmez},
  year = {2003},
  journal = {American Economic Review},
  pages = {729-747},
  title = {School Choice: A Mechanism Design Approach}
}

@article{AS98,
  number = {3},
  volume = {66},
  author = {A. Abdulkadiro\mbox{\v glu} and T. S\"onmez},
  year = {1998},
  journal = {Econometrica},
  pages = {689-701},
  title = {Random serial dictatorship and the core from random endowments in house allocation problems}
}

@article{AS99,
  volume = {88},
  author = {A. Abdulkadiro\mbox{\v glu} and T. S\"onmez},
  year = {1999},
  journal = {Journal of Economic Theory},
  pages = {233-260},
  title = {House allocation with existing tenants}
}

@article{Alc95,
  volume = {1},
  author = {J. Alcalde},
  year = {1995},
  journal = {Economic Design},
  pages = {275-287},
  title = {Exchance-proofness or divorce-proofness?{S}tability in one-sided matching markets}
}

@article{Alk88,
  volume = {16},
  author = {A. Alkan},
  year = {1988},
  journal = {Mathematical Social Sciences},
  pages = {207--209},
  title = {Non-existence of stable threesome matchings}
}

@article{BB00,
  volume = {101},
  author = {M. Ba\"{\i}ou and M. Balinski},
  year = {2000},
  journal = {Discrete Applied Mathematics},
  pages = {1-12},
  title = {Many-to-many matching: stable polyandrous polygamy (or polygamous polyandry)}
}

@article{BB04,
  number = {2},
  volume = {322},
  author = {M. Ba\"{\i}ou and M. Balinski},
  year = {2004},
  journal = {Theoretical Computer Science},
  pages = {245-265},
  title = {Student admissions and faculty recruitment}
}

@article{BCK95,
  volume = {59},
  author = {A.T. Benjamin and C. Converse and H.A. Krieger},
  year = {1995},
  journal = {Discrete Applied Mathematics},
  pages = {285--292},
  title = {How do {I} marry thee? {L}et me count the ways}
}

@article{BGJK04,
  volume = {289},
  author = {E. Boros and V. Gurvich and S. Jaslar and D. Krasner},
  year = {2004},
  journal = {Discrete Mathematics},
  pages = {1--10},
  title = {Stable matchings in three-sided systems with cyclic preferences}
}

@article{Bak94,
  number = {1},
  volume = {41},
  author = {B.S. Baker},
  year = {1994},
  journal = {Journal of the ACM},
  pages = {153-180},
  title = {Approximation algorithms for {NP}-complete problems on planar graphs}
}

@article{Bla88,
  number = {4},
  volume = {13},
  author = {C. Blair},
  year = {1988},
  journal = {Mathematics of Operations Research},
  pages = {619-628},
  title = {The lattice structure of the set of stable matchings with multiple partners}
}

@article{Bro00,
  number = {2262},
  volume = {168},
  author = {M. Brooks},
  year = {28th October 2000},
  journal = {New Scientist},
  pages = {38-41},
  title = {What's love got to do with it?}
}


@article{CC06,
  number = {3},
  volume = {354},
  author = {M. Chleb\'{\i}k and J. Chleb\'{\i}kov\'{a}},
  year = {2006},
  journal = {Theoretical Computer Science},
  pages = {320-338},
  title = {Complexity of approximating bounded variants of optimization problems}
}

@article{CF04,
  number = {1-3},
  volume = {140},
  author = {K. Cechl\'{a}rov\'{a} and S. Ferkov\'{a}},
  year = {2004},
  journal = {Discrete Applied Mathematics},
  pages = {1-17},
  title = {The stable crews problem}
}

@article{CF05,
  number = {1},
  volume = {1},
  author = {K. Cechl\'{a}rov\'{a} and T. Fleiner},
  year = {2005},
  journal = {talg},
  pages = {143-156},
  title = {On a generalization of the stable roommates problem}
}

@article{CH04,
  volume = {138},
  author = {K. Cechl\'{a}rov\'{a} and J. Hajdukov\'{a}},
  year = {2004},
  journal = {Discrete Applied Mathematics},
  pages = {333-347},
  title = {Stable partitions with \mbox{$\mathcal W$}-preferences}
}

@article{CIM04,
  volume = {57},
  author = {K. Cechl\'arov\'a and R.W. Irving and D.F. Manlove},
  year = {2004},
  journal = {ERCIM News},
  pages = {27-28},
  title = {Stability in labour market games}
}


@article{CM05,
  number = {1-3},
  volume = {152},
  author = {K. Cechl\'{a}rov\'{a} and D.F. Manlove},
  year = {2005},
  journal = {Discrete Applied Mathematics},
  pages = {109-122},
  title = {The {E}xchange-{S}table {M}arriage {P}roblem}
}

@article{CMS08,
  number = {1-3},
  volume = {400},
  author = {C. Cheng and E. McDermid and I. Suzuki},
  year = {2008},
  journal = {Theoretical Computer Science},
  pages = {84-99},
  title = {A unified approach to finding good stable matchings in the hospitals/residents setting}
}

@article{Can04,
  number = {45},
  volume = {3},
  author = {D. Cantala},
  year = {2004},
  journal = {Economics Bulletin},
  pages = {1-11},
  title = {Matching Markets: the particular case of couples}
}

@article{Cec02,
  number = {3},
  volume = {116},
  author = {K. Cechl\'{a}rov\'{a}},
  year = {2002},
  journal = {Discrete Applied Mathematics},
  pages = {279-287},
  title = {On the complexity of exchange-stable roommates}
}

@article{Chu00,
  number = {2},
  volume = {33},
  author = {K.S. Chung},
  year = {2000},
  journal = {Games and Economic Behavior},
  pages = {206-230},
  title = {On the Existence of Stable Roommate Matchings}
}

@article{DFFS03,
  number = {1-3},
  volume = {306},
  author = {V.M.F. Dias and G.D. da Fonseca and C.M.H. de Figueiredo and J.L. Szwarcfiter},
  year = {2003},
  journal = {Theoretical Computer Science},
  pages = {391-405},
  title = {The stable marriage problem with restricted pairs}
}

@article{DM97,
  volume = {75},
  author = {B. Dutta and J. Mass\'o},
  year = {1997},
  journal = {Journal of Economic Theory},
  pages = {464--475},
  title = {Stability of matchings when individuals have preferences over colleagues}
}

@article{DMZ05,
  number = {1},
  volume = {3},
  author = {W. Duckworth and D.F. Manlove and M. Zito},
  year = {2005},
  journal = {Journal of Discrete Algorithms},
  pages = {79-91},
  title = {On the approximability of the maximum induced matching problem}
}

@article{Dan02,
  volume = {46},
  author = {V.I. Danilov},
  year = {2003},
  journal = {Mathematical Social Sciences},
  pages = {145--148},
  title = {Existence of stable matchings in some three-sided systems}
}

@article{EE08,
  volume = {98},
  author = {A. Erdil and H. Erkin},
  year = {2008},
  journal = {American Economic Review},
  pages = {669--689},
  title = {What's the Matter with Tie-Breaking? {I}mproving Efficiency in School Choice}
}

@article{EH08,
  number = {3-4},
  volume = {36},
  author = {K. Eriksson and O. H\"aggstr\"om},
  year = {2008},
  journal = {International Journal of Game Theory},
  pages = {409-420},
  title = {Instability of matchings in decentralized markets with various preference structures}
}

@article{ESS06,
  volume = {52},
  author = {K. Eriksson and J. Sjostrand and P. Strimling},
  year = {2006},
  journal = {Mathematical Social Sciences},
  pages = {77--87},
  title = {Three dimensional stable matching with cyclic preferences}
}

@article{Edm65,
  volume = {17},
  author = {J. Edmonds},
  year = {1965},
  journal = {Canadian Journal of Mathematics},
  pages = {449-467},
  title = {Paths, trees and flowers}
}

@article{FIM07,
  number = {1-3},
  volume = {381},
  author = {T. Fleiner and R.W. Irving and D.F. Manlove},
  year = {2007},
  journal = {Theoretical Computer Science},
  pages = {162-176},
  title = {Efficient Algorithms for Generalised Stable Marriage and Roommates Problems}
}

@article{FM94,
  number = {1},
  volume = {7},
  author = {K. Fukuda and T. Matsui},
  year = {1994},
  journal = {Applied Mathematics Letters},
  pages = {15-18}},
  title = {Finding all the perfect matchings in bipartite graphs}
}

@article{FMP00,
  number = {1--2},
  volume = {233},
  author = {T. Feder and N. Megiddo and S.A. Plotkin},
  year = {2000},
  journal = {Theoretical Computer Science},
  pages = {297--308},
  title = {A sublinear parallel algorithm for stable matching}
}

@article{FSW03,
  volume = {88},
  author = {S.P. Fekete and M. Skutella and G.J. Woeginger},
  year = {2003},
  journal = {Information Processing Letters},
  pages = {219-223},
  title = {The complexity of economic equilibria for house allocation markets}
}

@article{Fed92,
  volume = {45},
  author = {T. Feder},
  year = {1992},
  journal = {Journal of Computer and System Sciences},
  pages = {233-284}},
  title = {A new fixed point approach for stable networks and stable marriages}
}

@article{Fed94,
  number = {3},
  volume = {11},
  author = {T. Feder},
  year = {1994},
  journal = {Algorithmica},
  pages = {291-319},
  title = {Network flow and 2-satisfiability}
}

@article{Fis99,
  volume = {217},
  author = {P. Fishburn},
  year = {1999},
  journal = {Theoretical Computer Science},
  pages = {359-383},
  title = {Preference structures and their numerical representations}
}

@article{Fle03,
  number = {1},
  volume = {28},
  author = {T. Fleiner},
  year = {2003},
  journal = {Mathematics of Operations Research},
  pages = {103-126}},
  title = {A fixed-point approach to stable matchings and some applications}
}

@article{GI89a,
  volume = {30},
  author = {D. Gusfield and R.W. Irving},
  year = {1989},
  journal = {Information Processing Letters},
  pages = {255-259}},
  title = {Parametric stable marriage and minimum cuts}
}

@article{GJS76,
  volume = {1},
  author = {M.R. Garey and D.S. Johnson and L. Stockmeyer},
  year = {1976},
  journal = {Theoretical Computer Science},
  pages = {237-267},
  title = {Some simplified {NP}-complete graph problems}
}

@article{GKT01,
  volume = {40},
  author = {H.N. Gabow and H. Kaplan and R.E. Tarjan},
  year = {2001},
  journal = {Journal of Algorithms},
  pages = {159-183},
  title = {Unique maximum matching algorithms}
}

@article{GP92,
  volume = {8},
  author = {D. Gusfield and L. Pitt},
  year = {1992},
  journal = {Algorithmica},
  pages = {103-117},
  title = {A bounded approximation for the minimum cost 2-sat problem}
}

@article{GS62,
  volume = {69},
  author = {D. Gale and L.S. Shapley},
  year = {1962},
  journal = {American Mathematical Monthly},
  pages = {9-15},
  title = {College admissions and the stability of marriage}
}

@article{GS85,
  volume = {11},
  author = {D. Gale and M. Sotomayor},
  year = {1985},
  journal = {Discrete Applied Mathematics},
  pages = {223-232},
  title = {Some remarks on the stable matching problem}
}

@article{GT85,
  volume = {30},
  author = {H.N. Gabow and R.E. Tarjan},
  year = {1985},
  journal = {Journal of Computer and System Sciences},
  pages = {209-221},
  title = {A linear-time algorithm for a special case of disjoint set union}
}

@article{GT89,
  volume = {18},
  author = {H.N. Gabow and R.E. Tarjan},
  year = {1989},
  journal = {SIAM Journal on Computing},
  pages = {1013-1036}},
  title = {Faster scaling algorithms for network problems}
}

@article{GT91,
  number = {4},
  volume = {38},
  author = {H.N. Gabow and R.E. Tarjan},
  year = {1991},
  journal = {Journal of the ACM},
  pages = {815-853},
  title = {Faster scaling algorithms for general graph-matching problems}
}

@article{Gab76,
  number = {2},
  volume = {23},
  author = {H.N. Gabow},
  year = {1976},
  journal = {Journal of the ACM},
  pages = {221-234},
  title = {An efficient implementations of {E}dmonds' algorithm for maximum matching on graphs}
}

@article{Gar75,
  volume = {20},
  author = {P. G\"{a}rdenfors},
  year = {1975},
  journal = {Behavioural Science},
  pages = {166-173},
  title = {Match making: assignments based on bilateral preferences}
}

@article{Ger74,
  number = {2},
  volume = {16},
  author = {E. Gergely},
  year = {1974},
  journal = {Journal of Combinatorial Theory, Series A},
  pages = {266-272},
  title = {A simple method for constructing doubly diagonalized latin squares}
}

@article{Gus87,
  number = {1},
  volume = {16},
  author = {D. Gusfield},
  year = {1987},
  journal = {SIAM Journal on Computing},
  pages = {111-128}},
  title = {Three fast algorithms for four problems in stable marriage}
}

@article{Gus88,
  number = {4},
  volume = {17},
  author = {D. Gusfield},
  year = {1988},
  journal = {SIAM Journal on Computing},
  pages = {742-769}},
  title = {The structure of the stable roommate problem --efficient representation and enumeration of all stable assignments}
}

@article{HIIMMMS03,
  number = {1-3},
  volume = {306},
  author = {M.M. Halld\'{o}rsson and R.W. Irving and K. Iwama and D.F. Manlove and S. Miyazaki and Y. Morita and S. Scott},
  year = {2003},
  journal = {Theoretical Computer Science},
  pages = {431-447},
  title = {Approximability results for stable marriage problems with ties}
}

@article{HIMY04,
  number = {3},
  volume = {325},
  author = {M.M. Halld\'orsson and K. Iwama and S. Miyazaki and H. Yanagisawa},
  year = {2004},
  journal = {Theoretical Computer Science},
  pages = {439-465},
  title = {Randomized approximation of the stable marriage problem}
}

@article{HIMY07,
  number = {3},
  volume = {3},
  author = {M. Halld\'{o}rsson and K. Iwama and S. Miyazaki and H. Yanagisawa},
  year = {2007},
  journal = {ACM Transactions on Algorithms},
  note = {Article number 30},
  title = {Improved approximation of the stable marriage problem}
}

@article{HK73,
  volume = {2},
  author = {J.E. Hopcroft and R.M. Karp},
  year = {1973},
  journal = {SIAM Journal on Computing},
  pages = {225-231},
  title = {A $n^{5/2}$ Algorithm for Maximum Matchings in Bipartite Graphs}
}

@article{HK93,
  volume = {6},
  author = {J.D. Horton and K. Kilakos},
  year = {1993},
  journal = {SIAM Journal on Discrete Mathematics},
  pages = {375-387},
  title = {Minimum edge dominating sets}
}

@article{HSVS05,
  volume = {32},
  author = {P.R. Harper and V. de Senna and I.T. Vieira and A.K. Shahani},
  year = {2005},
  journal = {Computers and Operations Research},
  pages = {1255-1265},
  title = {A genetic algorithm for the project assignment problem}
}

@article{HZ79,
  number = {2},
  volume = {87},
  author = {A. Hylland and R. Zeckhauser},
  year = {1979},
  journal = {Journal of Political Economy},
  pages = {293-314},
  title = {The efficient allocation of individuals to positions}
}

@article{Har83,
  volume = {7},
  author = {F. Harary},
  year = {1983},
  journal = {Journal of Graph Theory},
  pages = {275-284},
  title = {Maximum versus minimum invariants for graphs}
}

@article{IKMMP06,
  number = {4},
  volume = {2},
  author = {R.W. Irving and T. Kavitha and K. Mehlhorn and D. Michail and K. Paluch},
  year = {2006}},
  journal = {ACM Transactions on Algorithms},
  pages = {602-610},
  title = {Rank-maximal matchings}
}

@article{IL86,
  number = {3},
  volume = {15},
  author = {R.W. Irving and P. Leather},
  year = {1986},
  journal = {SIAM Journal on Computing},
  pages = {655-667}},
  title = {The complexity of counting stable marriages}
}

@article{ILG87,
  number = {3},
  volume = {34},
  author = {R.W. Irving and P. Leather and D. Gusfield},
  year = {1987},
  journal = {Journal of the ACM},
  pages = {532-543},
  title = {An efficient algorithm for the ``optimal" stable marriage}
}

@article{IM02,
  volume = {43},
  author = {R.W. Irving and D.F. Manlove},
  year = {2002},
  journal = {Journal of Algorithms},
  pages = {85-105},
  title = {The {S}table {R}oommates {P}roblem with {T}ies}
}

@article{IM08,
  number = {3},
  volume = {16},
  author = {R.W. Irving and D.F. Manlove},
  year = {2008},
  journal = {Journal of Combinatorial Optimization},
  pages = {279-292},
  title = {Approximation algorithms for hard variants of the stable marriage and hospitals/residents problems}
}

@article{IM09,
  volume = {14},
  author = {R.W. Irving and D.F. Manlove},
  year = {section 1, article 2, 30 pages, 2008},
  journal = {ACM Journal of Experimental Algorithmics},
  title = {Finding large stable matchings}
}

@article{IMO09,
  number = {2},
  volume = {7},
  author = {R.W. Irving and D.F. Manlove and G. O'Malley},
  year = {2009},
  journal = {Journal of Discrete Algorithms},
  pages = {213-219},
  title = {Stable marriage with ties and bounded length preference lists}
}

@article{IMS08,
  number = {15},
  volume = {156},
  author = {R.W. Irving and D.F. Manlove and S. Scott},
  year = {2008},
  journal = {Discrete Applied Mathematics},
  pages = {2959-2977},
  title = {The stable marriage problem with master preference lists}
}

@article{IS07,
  number = {2118-2129},
  volume = {155},
  author = {R.W. Irving and S. Scott},
  year = {2007},
  journal = {Discrete Applied Mathematics},
  title = {The Stable Fixtures Problem}
}

@article{Irv85,
  volume = {6},
  author = {R.W. Irving},
  year = {1985},
  journal = {Journal of Algorithms},
  pages = {577-595},
  title = {An efficient algorithm for the ``stable roommates" problem}
}

@techreport{Irv86,
  number = {CSC/86/R5}},
  author = {R.W. Irving},
  year = {1986},
  institution = {University of Glasgow, Department of Computing Science},
  title = {On the stable room-mates problem}
}

@article{Irv94,
  volume = {48},
  author = {R.W. Irving},
  year = {1994},
  journal = {Discrete Applied Mathematics},
  pages = {261-272},
  title = {Stable marriage and indifference}
}

@article{KH83,
  volume = {12},
  author = {D. G. Kirkpatrick and P. Hell},
  year = {1983},
  journal = {siam},
  pages = {601--609},
  title = {On the complexity of general graph factor problems}
}

@article{KK05,
  volume = {121},
  author = {B. Klaus and F. Klijn},
  year = {2005},
  journal = {Journal of Economic Theory},
  pages = {75-106},
  title = {Stable matchings and preferences of couples}
}

@article{KK07,
  volume = {58},
  author = {B. Klaus and F. Klijn},
  year = {2007},
  journal = {Games and Economic Behavior},
  pages = {154-171},
  title = {Paths to stability for matching markets with couples}
}

@article{KKN09,
  author = {B. Klaus and F. Klijn and T. Nakamura},
  year = {2009},
  journal = {Journal of Economic Theory, \emph{to appear}},
  title = {Corrigendum: {S}table matchings and preferences of couples}
}

@article{KLM99,
  number = {1},
  volume = {7},
  author = {E. Kujansuu and T. Lindberg and E. M\"akinen},
  year = {1999},
  journal = {Divulgaciones Matem\'aticas},
  pages = {19-28},
  title = {The Stable Roommates Problem and Chess Tournament Pairings}
}

@article{KMMP07,
  number = {2},
  volume = {3},
  author = {T. Kavitha and K. Mehlhorn and D. Michail and K.E. Paluch},
  year = {2007},
  journal = {ACM Transactions on Algorithms},
  note = {Article number 15},
  title = {Strongly Stable Matchings in Time {$O(nm)$} and Extension to the {H}ospitals-{R}esidents Problem}
}

@article{KMV94,
  volume = {127},
  author = {S. Khuller and S.G. Mitchell and V.V. Vazirani},
  year = {1994},
  journal = {Theoretical Computer Science},
  pages = {255-267},
  title = {On-line algorithms for weighted bipartite matching and stable marriages}
}

@article{Kat93,
  volume = {10},
  author = {A. Kato},
  year = {1993},
  journal = {Japan Journal of Industrial and Applied Mathematics},
  pages = {1-19},
  title = {Complexity of the sex-equal stable marriage problem}
}

@article{MCS07,
  volume = {101},
  author = {E. McDermid and C. Cheng and I. Suzuki},
  year = {2007},
  journal = {Information Processing Letters},
  pages = {13-19},
  title = {Hardness results on the man-exchange stable marriage problem with short preference lists}
}

@article{MIIMM02,
  number = {1-2},
  volume = {276},
  author = {D.F. Manlove and R.W. Irving and K. Iwama and S. Miyazaki and Y. Morita},
  year = {2002}},
  journal = {Theoretical Computer Science},
  pages = {261-279},
  title = {Hard variants of stable marriage}
}

@article{MO08,
  volume = {6},
  author = {D.F. Manlove and G. O'Malley},
  year = {2008},
  journal = {Journal of Discrete Algorithms},
  pages = {553-560},
  title = {Student project allocation with preferences over projects}
}

@article{MW71,
  volume = {14},
  author = {D. Mc{V}itie and L.B. Wilson},
  year = {1971},
  journal = {Communications of the ACM},
  pages = {486-490},
  title = {The stable marriage problem}
}

@article{Man02,
  number = {1-3},
  volume = {122},
  author = {D.F. Manlove},
  year = {2002},
  journal = {Discrete Applied Mathematics},
  pages = {167-181},
  title = {The structure of stable marriage with indifference}
}

@article{Mer05,
  number = {10},
  volume = {2005},
  author = {S. Mertens},
  year = {2005}},
  journal = {Journal of Statistical Mechanics: Theory and Experiment},
  pages = {P10008},
  title = {Random stable matchings}
}

@article{Muk97,
  volume = {276},
  author = {M. Mukerjee},
  year = {1997},
  journal = {Scientific American},
  pages = {40-41},
  title = {Medical mismatch}
}

@article{NH90,
  volume = {19},
  author = {C. Ng and D.S. Hirschberg},
  year = {1990},
  journal = {SIAM Journal on Computing},
  pages = {71-77},
  title = {Lower bounds for the stable marriage problem and its variants}
}

@article{NH91,
  volume = {4},
  author = {C. Ng and D.S. Hirschberg},
  year = {1991},
  journal = {SIAM Journal on Discrete Mathematics},
  pages = {245-252},
  title = {Three-dimensional stable matching problems}
}

@article{Nie98,
  volume = {252},
  author = {Th.M. Nieuwenhuizen},
  year = {1998},
  journal = {Physica A},
  pages = {178-198},
  title = {The marriage problem and the fate of bachelors}
}

@article{PI94,
  volume = {5},
  author = {B.G. Pittel and R.W. Irving},
  year = {1994},
  journal = {Random Structures and Algorithms},
  pages = {465-486},
  title = {An upper bound for the solvability probability of a random stable roommates instance}
}

@article{PPR08,
  number = {3-4},
  volume = {36},
  author = {N. Perach and J. Polak and U.G. Rothblum},
  year = {2008},
  journal = {International Journal of Game Theory},
  pages = {519-535},
  title = {A stable matching model with an entrance criterion applied to the assignment of students to dormitories at the technion}
}

@article{Pro72,
  number = {2},
  volume = {23},
  author = {L.G. Proll},
  year = {1972},
  journal = {Operational Research Quarterly},
  pages = {195-201},
  title = {A simple method of assigning projects to students}
}

@article{Pul87,
  volume = {16},
  author = {W.R. Pulleyblank},
  year = {1987},
  journal = {Discrete Applied Mathematics},
  pages = {51-58},
  title = {Fractional matchings and the {E}dmonds-{G}allai theorem}
}

@article{QW04,
  number = {4},
  volume = {29},
  author = {T. Quint and J. Wako},
  year = {2004},
  journal = {Mathematics of Operations Research},
  pages = {861-877},
  title = {On Houseswapping, the Strict Core, Segmentation, and Linear Programming}
}

@article{RP77,
  volume = {4},
  author = {A.E. Roth and A. Postlewaite},
  year = {1977},
  journal = {Journal of Mathematical Economics},
  pages = {131-137},
  title = {Weak versus strong domination in a market with indivisible goods}
}

@article{RP97,
  number = {9},
  volume = {278},
  author = {A. E. Roth and E. Peranson},
  year = {1997},
  journal = {Journal of the American Medical Association},
  pages = {729-732},
  title = {The effects of the change in the NRMP matching algorithm}
}

@article{RSU04,
  volume = {119},
  author = {A.E. Roth and T. S\"onmez and M. Utku \"Unver},
  year = {2004},
  journal = {Quarterly Journal of Economics},
  pages = {457-488},
  title = {Kidney exchange}
}

@article{RSU05,
  volume = {125},
  author = {A.E. Roth and T. S\"onmez and M. Utku \"Unver},
  year = {2005},
  journal = {Journal of Economic Theory},
  pages = {151-188},
  title = {Pairwise kidney exchange}
}

@article{RX97,
  number = {2},
  volume = {105},
  author = {A.E. Roth and X. Xing},
  year = {1997},
  journal = {Journal of Political Economy},
  pages = {284-329},
  title = {Turnaround Time and Bottlenecks in Market Clearing: Decentralized Matching in the Market for Clinical Psychologists}
}

@article{Rom01,
  number = {3},
  volume = {50},
  author = {A. Romero-Medina},
  year = {2001},
  journal = {Theory and Decision},
  pages = {197-212},
  title = {Sex-equal stable matchings}
}

@article{Rom98,
  number = {2},
  volume = {3},
  author = {A. Romero-Medina},
  year = {1998},
  journal = {Review of Economic Design},
  pages = {137-147},
  title = {Implementation of Stable Solutions in a Restricted Matching Market}
}

@article{Ron90,
  volume = {11},
  author = {E. Ronn},
  year = {1990},
  journal = {Journal of Algorithms},
  pages = {285-304},
  title = {{NP}-complete stable matching problems}
}

@article{Rot03,
  volume = {289},
  author = {A.E. Roth},
  year = {2003},
  journal = {Journal of the American Medical Association},
  pages = {909-912},
  title = {The origins, history, and design of the resident match}
}

@article{Rot82,
  volume = {9},
  author = {A.E. Roth},
  year = {1982},
  journal = {Economics Letters},
  pages = {127-132},
  title = {Incentive compatibility in a market with indivisible goods}
}

@article{Rot84,
  number = {6},
  volume = {92},
  author = {A.E. Roth},
  year = {1984},
  journal = {Journal of Political Economy},
  pages = {991-1016},
  title = {The evolution of the labor market for medical interns and residents: a case study in game theory}
}

@article{Rot85,
  number = {3},
  volume = {10},
  author = {A.E. Roth},
  year = {1985},
  journal = {Mathematics of Operations Research},
  pages = {379-389},
  title = {Conflict and coincidence of interest in job matching: some new results and open questions}
}

@article{Rot86,
  volume = {54},
  author = {A.E. Roth},
  year = {1986},
  journal = {Econometrica},
  pages = {425-427},
  title = {On the allocation of residents to rural hospitals: a general property of two-sided matching markets}
}

@article{Rot90,
  volume = {250},
  author = {A.E. Roth},
  year = {1990},
  journal = {Science},
  pages = {1524-1528},
  title = {New Physicians: A Natural Experiment in Market Organization}
}

@article{Rot91,
  volume = {81},
  author = {A.E. Roth},
  year = {1991},
  journal = {American Economic Review},
  pages = {415-440},
  title = {A Natural Experiment in the Organization of Entry Level Labor Markets: Regional Markets for New Physicians and Surgeons in the U.K}
}

@article{SS74,
  volume = {1},
  author = {L. Shapley and H. Scarf},
  year = {1974},
  journal = {Journal of Mathematical Economics},
  pages = {23-37},
  title = {On cores and indivisibility}
}

@article{SV82,
  number = {1},
  volume = {15},
  author = {L.J. Stockmeyer and V.V. Vazirani},
  year = {1982},
  journal = {Information Processing Letters},
  pages = {14-19},
  title = {{NP}-completeness of some generalizations of the maximum matching problem}
}

@article{Spi95,
  volume = {58},
  author = {B. Spieker},
  year = {1995},
  journal = {Discrete Applied Mathematics},
  pages = {79-84},
  title = {The set of super-stable marriages forms a distributive lattice}
}

@article{Sub94,
  number = {4},
  volume = {23},
  author = {A. Subramanian},
  year = {1994},
  journal = {SIAM Journal on Computing},
  pages = {671-700},
  title = {A New Approach to Stable Matching Problems}
}

@article{TH95,
  volume = {59},
  author = {J.J.M. Tan and Y.-C. Hsueh},
  year = {1995},
  journal = {Discrete Applied Mathematics},
  pages = {87-102},
  title = {A generalization of the stable matching problem}
}

@article{TH98,
  number = {1},
  volume = {41},
  author = {C.Y. Teo and D.J. Ho},
  year = {1998},
  journal = {IEEE Transactions on Education},
  pages = {25-30},
  title = {A Systematic Approach to the Implementation of Final Year Projectin an Electrical Engineering Undergraduate Course}
}

@article{Tan90,
  volume = {29},
  author = {J.J.M. Tan},
  year = {1990},
  journal = {BIT},
  pages = {631-640},
  title = {A maximum stable matching for the roommates problem}
}

@article{Tan91,
  volume = {12},
  author = {J.J.M. Tan},
  year = {1991},
  journal = {Journal of Algorithms},
  pages = {154-178},
  title = {A necessary and sufficient condition for theexistence of a complete stable matching}
}

@article{Tan91a,
  volume = {39},
  author = {J.J.M. Tan},
  year = {1991},
  journal = {International Journal of Computer Mathematics},
  pages = {11-20},
  title = {Stable matchings and stable partitions}
}

@article{Thu02,
  volume = {248},
  author = {E.G. Thurber},
  year = {2002},
  journal = {Discrete Applied Mathematics},
  pages = {195--219},
  title = {Concerning the maximum number of stable matchings in the stable marriage problem}
}

@article{VV89,
  number = {3},
  volume = {8},
  author = {J.E. Vande Vate},
  year = {1989},
  journal = {Operations Research Letters},
  pages = {147-153}},
  title = {Linear programming brings marital bliss}
}

@article{Wil72,
  volume = {12},
  author = {L.B. Wilson},
  year = {1972},
  journal = {BIT},
  pages = {569-575},
  title = {An analysis of the stable marriage assignment algorithm}
}

@article{YG80,
  number = {1},
  volume = {18},
  author = {M. Yannakakis and F. Gavril},
  year = {1980},
  journal = {SIAM Journal on Applied Mathematics},
  pages = {364-372},
  title = {Edge Dominating Sets in Graphs}
}

@article{Yua96,
  volume = {90},
  author = {Y. Yuan},
  year = {1996},
  journal = {European Journal of Operational Research},
  pages = {536-546}},
  title = {Residence exchange wanted: a stable residence exchange problem}
}

@article{Zho90,
  number = {1},
  volume = {52},
  author = {L. Zhou},
  year = {1990},
  journal = {Journal of Economic Theory},
  pages = {123-135},
  title = {On a conjecture by {G}ale about one-sided matching problems}
}