@article{CC06,
  number = {3},
  volume = {354},
  author = {M. Chleb\'{\i}k and J. Chleb\'{\i}kov\'{a}},
  year = {2006},
  journal = {Theoretical Computer Science},
  pages = {320-338},
  title = {Complexity of approximating bounded variants of optimization problems}
}

@techreport{CF03,
  number = {2003-03},
  author = {K. Cechl\'{a}rov\'{a} and T. Fleiner},
  year = {2003},
  institution = {Egerv\'{a}ry Research Group on Combinatorial Optimization},
  title = {On a generalization of the stable roommates problem}
}

@inproceedings{CFM05,
  booktitle = {Proceedings of SOR '05: the 8th International Symposium on Operations Research in Slovenia},
  author = {K. Cechl\'arov\'a and T. Fleiner and D. Manlove},
  year = {2005},
  pages = {77-83},
  note = {IM Preprint series A, no.\ 5/2005, PJ \v{S}af\'arik University, Faculty of Science, Institute of Mathematics}},
  title = {The kidney exchange game}
}

@article{CH04,
  volume = {138},
  author = {K. Cechl\'{a}rov\'{a} and J. Hajdukov\'{a}},
  year = {2004},
  journal = {Discrete Applied Mathematics},
  pages = {333-347},
  title = {Stable partitions with \mbox{$\mathcal W$}-preferences}
}
