@string {alg= "Algorithmica"}
@string {cacm= "Communications of the ACM"}
@string {jalgs= "Journal of Algorithms"}
@string {jgt= "Journal of Graph Theory"}
@string {ipl= "Information Processing Letters"}
@string {ic= "Information and Computation"}
@string {jacm= "Journal of the ACM"}
@string {dam= "Discrete Applied Mathematics"}



@article{AB03,
  number = {3},
  volume = {46},
  author = {A.A. Anwar and A.S. Bahaj},
  year = {2003},
  journal = {IEEE Transactions on Education},
  pages = {359-367},
  title = {Student Project Allocation Using Integer Programming}
}

@inproceedings{ABM06,
  series = {Lecture Notes in Computer Science},
  booktitle = {Proceedings of WAOA '05: the 3rd Workshop on Approximation and Online Algorithms},
  volume = {3879},
  author = {D.J. Abraham and P. Bir\'o and D.F. Manlove},
  year = {2006},
  publisher = {Springer},
  pages = {1-14},
  title = {``{A}lmost stable'' matchings in the {R}oommates problem}
}

@book{ACGKMP99,
  author = {G. Ausiello and P. Crescenzi and G. Gambosi and V. Kann and A. Marchetti-Spaccamela and M. Protasi},
  year = {1999},
  publisher = {Springer},
  title = {Complexity and Approximation}
}

@article{ACL99,
  volume = {4},
  author = {B. Aldershof and O.M. Carducci and D.C. Lorenc},
  year = {1999},
  journal = {Constraints},
  pages = {281-292}},
  title = {Refined Inequalities for Stable Marriage}
}

@inproceedings{ACMM04,
  series = {Lecture Notes in Computer Science},
  booktitle = {Proceedings of ISAAC 2004: the 15th Annual International Symposium on Algorithms and Computation},
  volume = {3341},
  author = {D.J. Abraham and K. Cechl\'arov\'a and D.F. Manlove and K. Mehlhorn},
  year = {2004},
  publisher = {Springer},
  pages = {3-15},
  title = {Pareto optimality in house allocation problems}
}

@misc{AEMP07,
  author = {E.M. Arkin and A. Efrat and J.S.B. Mitchell and V. Polishchuk},
  howpublished = {Manuscript, 2007. \verb+http://www.ams.sunysb.edu/~kotya/pages/geomSR.pdf+},
  title = {Geometric {S}table {R}oommates}
}

@inproceedings{AIKM05,
  booktitle = {Proceedings of SODA '05: the 16th ACM-SIAM Symposium on Discrete Algorithms},
  author = {D.J. Abraham and R.W. Irving and T. Kavitha and K. Mehlhorn},
  year = {2005},
  publisher = {ACM-SIAM},
  pages = {424-432},
  title = {Popular matchings}
}

@article{AIKM07,
  volume = {37},
  author = {D.J. Abraham and R.W. Irving and T. Kavitha and K. Mehlhorn},
  year = {2007},
  journal = {SIAM Journal on Computing},
  pages = {1030-1045},
  title = {Popular Matchings}
}

@inproceedings{AIM03,
  series = {Lecture Notes in Computer Science},
  booktitle = {Proceedings of ISAAC 2003: the 14th Annual International Symposium on Algorithms and Computation},
  volume = {2906},
  author = {D.J. Abraham and R.W. Irving and D.F. Manlove},
  year = {2003},
  publisher = {Springer},
  pages = {474-484},
  title = {The {S}tudent-{P}roject {A}llocation {P}roblem}
}

@article{AIM07,
  number = {1},
  volume = {5},
  author = {D.J. Abraham and R.W. Irving and D.F. Manlove},
  year = {2007},
  journal = {Journal of Discrete Algorithms},
  pages = {79-91},
  title = {Two algorithms for the {S}tudent-{P}roject allocation problem}
}

@inproceedings{AK06,
  series = {Lecture Notes in Computer Science},
  booktitle = {Proceedings of SWAT 2006: the 10th Scandinavian Workshop on Algorithm Theory},
  volume = {4059},
  author = {D.J. Abraham and T. Kavitha},
  year = {2006},
  publisher = {Springer},
  pages = {65-76},
  title = {Dynamic matching markets and voting paths}
}

@inproceedings{ALMO07,
  series = {Lecture Notes in Computer Science},
  booktitle = {Proceedings of WINE 2007: the 3rd International Workshop on Internet and Network Economics},
  volume = {4858},
  author = {D.J. Abraham and A. Levavi and D.F. Manlove and G. O'Malley},
  year = {2007},
  publisher = {Springer},
  pages = {431-444},
  title = {The Stable Roommates Problem with Globally-Ranked Pairs}
}

@techreport{AM04,
  month = {December},
  number = {TR-2004-182},
  author = {D.J. Abraham and D.F. Manlove},
  year = {2004},
  institution = {University of Glasgow, Department of Computing Science},
  title = {Pareto optimality in the {R}oommates problem}
}

@article{APR05,
  number = {2},
  volume = {95},
  author = {A. Abdulkadiro\mbox{\v glu} and P.A. Pathak and A.E. Roth},
  year = {2006},
  journal = {American Economic Review},
  pages = {364-367},
  title = {The {N}ew {Y}ork {C}ity high school match}
}

@misc{APR07,
  author = {A. Abdulkadiro\mbox{\v glu} and P.A. Pathak and A.E. Roth},
  note = {To appear in \emph{American Economic Review}},
  howpublished = {Harvard Business School Working Paper, number 07-076, April 2007},
  title = {Strategy-proofness versus Efficiency in Matching with Indifferences: Redesigning the {NYC} High School Match}
}

@misc{APRS06,
  year = {2006},
  author = {A. Abdulkadiro\mbox{\v glu} and P.A. Pathak and A.E. Roth and T. S\"onmez},
  howpublished = {NBER working paper 11965},
  title = {Changing the {B}oston school-choice mechanism}
}

@article{AS03,
  number = {3},
  volume = {93},
  author = {A. Abdulkadiro\mbox{\v glu} and T. S\"onmez},
  year = {2003},
  journal = {American Economic Review},
  pages = {729-747},
  title = {School Choice: A Mechanism Design Approach}
}

@article{AS98,
  number = {3},
  volume = {66},
  author = {A. Abdulkadiro\mbox{\v glu} and T. S\"onmez},
  year = {1998},
  journal = {Econometrica},
  pages = {689-701},
  title = {Random serial dictatorship and the core from random endowments in house allocation problems}
}

@article{AS99,
  volume = {88},
  author = {A. Abdulkadiro\mbox{\v glu} and T. S\"onmez},
  year = {1999},
  journal = {Journal of Economic Theory},
  pages = {233-260},
  title = {House allocation with existing tenants}
}

@mastersthesis{Abr03,
  author = {D.J. Abraham},
  year = {2003},
  school = {University of Glasgow, Department of Computing Science},
  title = {Algorithmics of two-sided matching problems}
}

@article{Alc95,
  volume = {1},
  author = {J. Alcalde},
  year = {1995},
  journal = {Economic Design},
  pages = {275-287},
  title = {Exchance-proofness or divorce-proofness?{S}tability in one-sided matching markets}
}

@article{Alk88,
  volume = {16},
  author = {A. Alkan},
  year = {1988},
  journal = {Mathematical Social Sciences},
  pages = {207--209},
  title = {Non-existence of stable threesome matchings}
}

@inproceedings{BAM03,
  series = {Lecture Notes in Computer Science},
  booktitle = {Proceedings of ICALP '03: the 30th International Colloquium on Automata, Languages and Programming},
  volume = {2719},
  author = {V. Bansal and A. Agrawal and V.S. Malhotra},
  year = {2003},
  publisher = {Springer},
  pages = {527-542},
  title = {Stable marriages with multiple partners: efficient search for an optimal solution}
}

@article{BB00,
  volume = {101},
  author = {M. Ba\"{\i}ou and M. Balinski},
  year = {2000},
  journal = {Discrete Applied Mathematics},
  pages = {1-12},
  title = {Many-to-many matching: stable polyandrous polygamy (or polygamous polyandry)}
}

@article{BB04,
  number = {2},
  volume = {322},
  author = {M. Ba\"{\i}ou and M. Balinski},
  year = {2004},
  journal = {Theoretical Computer Science},
  pages = {245-265},
  title = {Student admissions and faculty recruitment}
}

@book{BB96,
  author = {G. Brassard and P. Bratley},
  year = {1996}},
  publisher = {Prentice-Hall},
  title = {Fundamentals of Algorithmics}
}

@article{BCK95,
  volume = {59},
  author = {A.T. Benjamin and C. Converse and H.A. Krieger},
  year = {1995},
  journal = {Discrete Applied Mathematics},
  pages = {285--292},
  title = {How do {I} marry thee? {L}et me count the ways}
}

@book{BCL79,
  author = {M. Behzad and G. Chartrand and L. Lesniak-Foster},
  year = {1979},
  publisher = {Prinder, Weber and Schmidt International Series},
  title = {Graphs and Digraphs}
}

@article{BGJK04,
  volume = {289},
  author = {E. Boros and V. Gurvich and S. Jaslar and D. Krasner},
  year = {2004},
  journal = {Discrete Mathematics},
  pages = {1--10},
  title = {Stable matchings in three-sided systems with cyclic preferences}
}

@misc{BKS03,
  year = {2003}},
  author = {P. Berman and M. Karpinski and Alexander D. Scott},
  howpublished = {Electronic Colloquium on Computational Complexity Report, number 49},
  title = {Approximation hardness of short symmetric instances of {MAX-3SAT}}
}

@inproceedings{BM05,
  series = {Lecture Notes in Computer Science},
  booktitle = {Proceedings of CP '05: the 11th International Conference on Principles and Practice of Constraint Programming},
  volume = {3705},
  author = {I. Brito and P. Meseguer},
  year = {2005},
  publisher = {Springer},
  pages = {152-166},
  title = {Distributed stable matching problems}
}

@inproceedings{BM06,
  series = {Lecture Notes in Computer Science},
  booktitle = {Proceedings of CP '06: the 12th International Conference on Principles and Practice of Constraint Programming},
  volume = {4204},
  author = {I. Brito and P. Meseguer},
  year = {2006},
  publisher = {Springer},
  pages = {675-679},
  title = {Distributed stable matching problems with ties and incomplete lists}
}

@techreport{BMM08,
  number = {TR-2008-283},
  author = {P. Bir\'o and D.F. Manlove and S. Mittal},
  year = {2008},
  institution = {University of Glasgow, Department of Computing Science},
  title = {Size versus stability in the Marriage problem}
}

@article{Bak94,
  number = {1},
  volume = {41},
  author = {B.S. Baker},
  year = {1994},
  journal = {Journal of the ACM},
  pages = {153-180},
  title = {Approximation algorithms for {NP}-complete problems on planar graphs}
}

@inproceedings{Bir07,
  booktitle = {Proceedings of the 18th International Conference on Game Theory, Stony Brook},
  author = {P. Bir\'o},
  year = {2007},
  publisher = {\verb+http://www.cs.bme.hu/~pbiro/college_admission.pdf+},
  title = {Higher Education Admission in {H}ungary by a Score-limit Algorithm}
}

@article{Bla88,
  number = {4},
  volume = {13},
  author = {C. Blair},
  year = {1988},
  journal = {Mathematics of Operations Research},
  pages = {619-628},
  title = {The lattice structure of the set of stable matchings with multiple partners}
}

@misc{Bos05,
  key = {ZZZ4a},
  title = {{\tt http://www.bostonpublicschools.org/assignment/} ({B}oston {P}ublic {S}chools website}
}

@article{Bro00,
  number = {2262},
  volume = {168},
  author = {M. Brooks},
  year = {28th October 2000},
  journal = {New Scientist},
  pages = {38-41},
  title = {What's love got to do with it?}
}

@inproceedings{CC03,
  series = {Lecture Notes in Computer Science},
  booktitle = {Proceedings of FCT 2003: the 14th International Symposium on Fundamentals of Computation Theory},
  volume = {2751},
  author = {M. Chleb\'{\i}k and J. Chleb\'{\i}kov\'{a}},
  year = {2003},
  publisher = {Springer},
  pages = {27-38},
  title = {Inapproximability results for bounded variants of optimization problems}
}

@inproceedings{CC04,
  series = {Lecture Notes in Computer Science},
  booktitle = {Proceedings of ESA '04: the Twelfth Annual European Symposium on Algorithms},
  volume = {3221},
  author = {M. Chleb\'{\i}k and J. Chleb\'{\i}kov\'{a}},
  year = {2004},
  publisher = {Springer},
  pages = {192-203},
  title = {Approximation hardness of dominating set problems}
}

@article{CC06,
  number = {3},
  volume = {354},
  author = {M. Chleb\'{\i}k and J. Chleb\'{\i}kov\'{a}},
  year = {2006},
  journal = {Theoretical Computer Science},
  pages = {320-338},
  title = {Complexity of approximating bounded variants of optimization problems}
}

@techreport{CF03,
  number = {2003-03},
  author = {K. Cechl\'{a}rov\'{a} and T. Fleiner},
  year = {2003},
  institution = {Egerv\'{a}ry Research Group on Combinatorial Optimization},
  title = {On a generalization of the stable roommates problem}
}

@article{CF04,
  number = {1-3},
  volume = {140},
  author = {K. Cechl\'{a}rov\'{a} and S. Ferkov\'{a}},
  year = {2004},
  journal = {Discrete Applied Mathematics},
  pages = {1-17},
  title = {The stable crews problem}
}

@article{CF05,
  number = {1},
  volume = {1},
  author = {K. Cechl\'{a}rov\'{a} and T. Fleiner},
  year = {2005},
  journal = {talg},
  pages = {143-156},
  title = {On a generalization of the stable roommates problem}
}

@inproceedings{CFM05,
  booktitle = {Proceedings of SOR '05: the 8th International Symposium on Operations Research in Slovenia},
  author = {K. Cechl\'arov\'a and T. Fleiner and D. Manlove},
  year = {2005},
  pages = {77-83},
  note = {IM Preprint series A, no.\ 5/2005, PJ \v{S}af\'arik University, Faculty of Science, Institute of Mathematics}},
  title = {The kidney exchange game}
}

@article{CH04,
  volume = {138},
  author = {K. Cechl\'{a}rov\'{a} and J. Hajdukov\'{a}},
  year = {2004},
  journal = {Discrete Applied Mathematics},
  pages = {333-347},
  title = {Stable partitions with \mbox{$\mathcal W$}-preferences}
}

@article{CIM04,
  volume = {57},
  author = {K. Cechl\'arov\'a and R.W. Irving and D.F. Manlove},
  year = {2004},
  journal = {ERCIM News},
  pages = {27-28},
  title = {Stability in labour market games}
}

@book{CLR90,
  author = {T.H. Cormen and C.E. Leiserson and R.L. Rivest},
  year = {1990},
  publisher = {McGraw-Hill/MIT},
  title = {Introduction to Algorithms}
}

@article{CM05,
  number = {1-3},
  volume = {152},
  author = {K. Cechl\'{a}rov\'{a} and D.F. Manlove},
  year = {2005},
  journal = {Discrete Applied Mathematics},
  pages = {109-122},
  title = {The {E}xchange-{S}table {M}arriage {P}roblem}
}

@article{CMS08,
  number = {1-3},
  volume = {400},
  author = {C. Cheng and E. McDermid and I. Suzuki},
  year = {2008},
  journal = {Theoretical Computer Science},
  pages = {84-99},
  title = {A unified approach to finding good stable matchings in the hospitals/residents setting}
}

@article{Can04,
  number = {45},
  volume = {3},
  author = {D. Cantala},
  year = {2004},
  journal = {Economics Bulletin},
  pages = {1-11},
  title = {Matching Markets: the particular case of couples}
}

@misc{Car99,
  author = {{Canadian Resident Matching Service}},
  howpublished = {Web document available at {\tt http://www.carms.ca/matching/algorith.htm}},
  title = {How the matching algorithm works}
}

@article{Cec02,
  number = {3},
  volume = {116},
  author = {K. Cechl\'{a}rov\'{a}},
  year = {2002},
  journal = {Discrete Applied Mathematics},
  pages = {279-287},
  title = {On the complexity of exchange-stable roommates}
}

@article{Chu00,
  number = {2},
  volume = {33},
  author = {K.S. Chung},
  year = {2000},
  journal = {Games and Economic Behavior},
  pages = {206-230},
  title = {On the Existence of Stable Roommate Matchings}
}

@inproceedings{Coo71,
  booktitle = {Proceedings of STOC '71: the 3rd Annual ACM Symposium on the Theory of Computing},
  author = {S.A. Cook},
  year = {1971},
  publisher = {ACM},
  pages = {151-158},
  title = {The complexity of theorem-proving procedures}
}

@article{DFFS03,
  number = {1-3},
  volume = {306},
  author = {V.M.F. Dias and G.D. da Fonseca and C.M.H. de Figueiredo and J.L. Szwarcfiter},
  year = {2003},
  journal = {Theoretical Computer Science},
  pages = {391-405},
  title = {The stable marriage problem with restricted pairs}
}

@inproceedings{DGI06,
  series = {IFIP International Federation for Information Processing},
  booktitle = {Proceedings of IFIP TCS 2006: the Fourth IFIP International Conference on Theoretical Computer Science},
  volume = {209},
  author = {B.C. Dean and M.X. Goemans and N. Immorlica},
  year = {2006},
  publisher = {Springer},
  pages = {65-75},
  title = {The unsplittable stable marriage problem}
}

@article{DM97,
  volume = {75},
  author = {B. Dutta and J. Mass\'o},
  year = {1997},
  journal = {Journal of Economic Theory},
  pages = {464--475},
  title = {Stability of matchings when individuals have preferences over colleagues}
}

@article{DMZ05,
  number = {1},
  volume = {3},
  author = {W. Duckworth and D.F. Manlove and M. Zito},
  year = {2005},
  journal = {Journal of Discrete Algorithms},
  pages = {79-91},
  title = {On the approximability of the maximum induced matching problem}
}

@article{Dan02,
  volume = {46},
  author = {V.I. Danilov},
  year = {2003},
  journal = {Mathematical Social Sciences},
  pages = {145--148},
  title = {Existence of stable matchings in some three-sided systems}
}

@misc{Dye01,
  year = {2001},
  author = {J. Dye},
  howpublished = {BSc Honours project report, University of York, Department of Computer Science},
  title = {A constraint logic programming approach to the stable marriage problem and its application to student-project allocation}
}

@article{EE08,
  volume = {98},
  author = {A. Erdil and H. Erkin},
  year = {2008},
  journal = {American Economic Review},
  pages = {669--689},
  title = {What's the Matter with Tie-Breaking? {I}mproving Efficiency in School Choice}
}

@inproceedings{EFT03,
  series = {Lecture Notes in Computer Science},
  booktitle = {Proceedings of ISAAC 2003: the 14th Annual International Symposium on Algorithms and Computation},
  volume = {2906},
  author = {A. Eguchi and S. Fujishige and A. Tamura},
  year = {2003},
  publisher = {Springer},
  pages = {495-504},
  title = {A Generalized {G}ale-{S}hapley algorithm for a discrete-concave stable marriage model}
}

@article{EH08,
  number = {3-4},
  volume = {36},
  author = {K. Eriksson and O. H\"aggstr\"om},
  year = {2008},
  journal = {International Journal of Game Theory},
  pages = {409-420},
  title = {Instability of matchings in decentralized markets with various preference structures}
}

@misc{ES05,
  year = {2005}},
  author = {K. Eriksson and P. Strimling},
  howpublished = {Unpublished manuscript},
  title = {How unstable are matchings from decentralized mate search?}
}

@article{ESS06,
  volume = {52},
  author = {K. Eriksson and J. Sjostrand and P. Strimling},
  year = {2006},
  journal = {Mathematical Social Sciences},
  pages = {77--87},
  title = {Three dimensional stable matching with cyclic preferences}
}

@misc{Ech07,
  year = {2007},
  author = {F. Echenique},
  howpublished = {Unpublished manuscript},
  title = {What matchings can be stable? {T}he testable implications of matching theory}
}

@article{Edm65,
  volume = {17},
  author = {J. Edmonds},
  year = {1965},
  journal = {Canadian Journal of Mathematics},
  pages = {449-467},
  title = {Paths, trees and flowers}
}

@book{FF62,
  author = {L.R. Ford and D.R. Fulkerson},
  year = {1962}},
  publisher = {Princeton University Press},
  title = {Flows in Networks}
}

@article{FIM07,
  number = {1-3},
  volume = {381},
  author = {T. Fleiner and R.W. Irving and D.F. Manlove},
  year = {2007},
  journal = {Theoretical Computer Science},
  pages = {162-176},
  title = {Efficient Algorithms for Generalised Stable Marriage and Roommates Problems}
}

@article{FM94,
  number = {1},
  volume = {7},
  author = {K. Fukuda and T. Matsui},
  year = {1994},
  journal = {Applied Mathematics Letters},
  pages = {15-18}},
  title = {Finding all the perfect matchings in bipartite graphs}
}

@article{FMP00,
  number = {1--2},
  volume = {233},
  author = {T. Feder and N. Megiddo and S.A. Plotkin},
  year = {2000},
  journal = {Theoretical Computer Science},
  pages = {297--308},
  title = {A sublinear parallel algorithm for stable matching}
}

@inproceedings{FMP94,
  booktitle = {Proceedings of SODA '94: the 5th ACM-SIAM Symposium on Discrete Algorithms},
  author = {T. Feder and N. Megiddo and S. Plotkin},
  year = {1994},
  publisher = {ACM-SIAM},
  pages = {632-637}},
  title = {A sublinear parallel algorithm for stable matching}
}

@article{FSW03,
  volume = {88},
  author = {S.P. Fekete and M. Skutella and G.J. Woeginger},
  year = {2003},
  journal = {Information Processing Letters},
  pages = {219-223},
  title = {The complexity of economic equilibria for house allocation markets}
}

@inproceedings{Fed89,
  booktitle = {Proceedings of STOC '99: the 21st {ACM} Symposium on Theory of Computing},
  author = {T. Feder},
  year = {1989},
  publisher = {ACM},
  pages = {513-522},
  title = {A new fixed point approach for stable networks and stable marriages}
}

@phdthesis{Fed90,
  author = {T. Feder},
  year = {1990},
  note = {Published in \emph{Memoirs of the American Mathematical Society}, vol.\ 116, no.\ 555, 1995.}},
  school = {Stanford University},
  title = {Stable Networks and Product Graphs}
}

@article{Fed92,
  volume = {45},
  author = {T. Feder},
  year = {1992},
  journal = {Journal of Computer and System Sciences},
  pages = {233-284}},
  title = {A new fixed point approach for stable networks and stable marriages}
}

@article{Fed94,
  number = {3},
  volume = {11},
  author = {T. Feder},
  year = {1994},
  journal = {Algorithmica},
  pages = {291-319},
  title = {Network flow and 2-satisfiability}
}

@misc{Fer05,
  year = {2005},
  author = {H. Fernau},
  howpublished = {Ha\-bi\-li\-ta\-tions\-schrift, University of T\"ubingen},
  title = {Parameterized Algorithmics: A Graph-Theoretic Approach}
}

@article{Fis99,
  volume = {217},
  author = {P. Fishburn},
  year = {1999},
  journal = {Theoretical Computer Science},
  pages = {359-383},
  title = {Preference structures and their numerical representations}
}

@inproceedings{Fle01,
  series = {Lecture Notes in Computer Science},
  booktitle = {Proceedings of IPCO '01: the 8th Conference on Integer Programming and Combinatorial Optimization},
  volume = {2081},
  author = {T. Fleiner},
  year = {2001},
  pages = {105-114},
  title = {A matroid generalization of the stable matching polytope}
}

@article{Fle03,
  number = {1},
  volume = {28},
  author = {T. Fleiner},
  year = {2003},
  journal = {Mathematics of Operations Research},
  pages = {103-126}},
  title = {A fixed-point approach to stable matchings and some applications}
}

@misc{Fle04,
  year = {2004},
  author = {T. Fleiner},
  howpublished = {Personal communication}
}

@book{GI89,
  author = {D. Gusfield and R.W. Irving},
  year = {1989},
  publisher = {MIT Press},
  title = {The Stable Marriage Problem: Structure and Algorithms}
}

@article{GI89a,
  volume = {30},
  author = {D. Gusfield and R.W. Irving},
  year = {1989},
  journal = {Information Processing Letters},
  pages = {255-259}},
  title = {Parametric stable marriage and minimum cuts}
}

@inproceedings{GIMPS01,
  series = {Lecture Notes in Computer Science},
  booktitle = {Proceedings of CP '01: the 7th International Conference on Principles and Practice of Constraint Programming},
  volume = {2239},
  author = {I.P. Gent and R.W. Irving and D.F. Manlove and P. Prosser and B.M. Smith},
  year = {2001},
  publisher = {Springer},
  pages = {225-239},
  title = {A constraint programming approach to the stable marriage problem}
}

@book{GJ79,
  author = {M.R. Garey and D.S. Johnson},
  year = {1979},
  publisher = {Freeman, San Francisco, CA.},
  title = {Computers and Intractability}
}

@article{GJS76,
  volume = {1},
  author = {M.R. Garey and D.S. Johnson and L. Stockmeyer},
  year = {1976},
  journal = {Theoretical Computer Science},
  pages = {237-267},
  title = {Some simplified {NP}-complete graph problems}
}

@article{GKT01,
  volume = {40},
  author = {H.N. Gabow and H. Kaplan and R.E. Tarjan},
  year = {2001},
  journal = {Journal of Algorithms},
  pages = {159-183},
  title = {Unique maximum matching algorithms}
}

@inproceedings{GP02a,
  booktitle = {Proceedings of ECAI '02: the 15th European Conference on Artificial Intelligence},
  author = {I.P. Gent and P. Prosser},
  year = {2002},
  publisher = {IOS Press},
  pages = {141-145},
  title = {An empirical study of the stable marriage problem with ties and incomplete lists}
}

@inproceedings{GP02b,
  booktitle = {Proceedings of SAT '02: The 5th International Symposium on the Theory and Applications of Satisfiability Testing},
  author = {I.P. Gent and P. Prosser},
  year = {2002},
  pages = {133-140},
  note = {{\tt http://gauss.ececs.uc.edu/Conferences/SAT2002/Abstracts/gent.ps}},
  title = {{SAT} encodings of the stable marriage problem with ties and incomplete lists}
}

@article{GP92,
  volume = {8},
  author = {D. Gusfield and L. Pitt},
  year = {1992},
  journal = {Algorithmica},
  pages = {103-117},
  title = {A bounded approximation for the minimum cost 2-sat problem}
}

@article{GS62,
  volume = {69},
  author = {D. Gale and L.S. Shapley},
  year = {1962},
  journal = {American Mathematical Monthly},
  pages = {9-15},
  title = {College admissions and the stability of marriage}
}

@article{GS85,
  volume = {11},
  author = {D. Gale and M. Sotomayor},
  year = {1985},
  journal = {Discrete Applied Mathematics},
  pages = {223-232},
  title = {Some remarks on the stable matching problem}
}

@article{GT85,
  volume = {30},
  author = {H.N. Gabow and R.E. Tarjan},
  year = {1985},
  journal = {Journal of Computer and System Sciences},
  pages = {209-221},
  title = {A linear-time algorithm for a special case of disjoint set union}
}

@article{GT89,
  volume = {18},
  author = {H.N. Gabow and R.E. Tarjan},
  year = {1989},
  journal = {SIAM Journal on Computing},
  pages = {1013-1036}},
  title = {Faster scaling algorithms for network problems}
}

@article{GT91,
  number = {4},
  volume = {38},
  author = {H.N. Gabow and R.E. Tarjan},
  year = {1991},
  journal = {Journal of the ACM},
  pages = {815-853},
  title = {Faster scaling algorithms for general graph-matching problems}
}

@article{Gab76,
  number = {2},
  volume = {23},
  author = {H.N. Gabow},
  year = {1976},
  journal = {Journal of the ACM},
  pages = {221-234},
  title = {An efficient implementations of {E}dmonds' algorithm for maximum matching on graphs}
}

@inproceedings{Gab83,
  booktitle = {Proceedings of STOC '83: the 15th Annual ACM Symposium on Theory of Computing},
  author = {H.N. Gabow},
  year = {1983},
  publisher = {ACM},
  pages = {448-456},
  title = {An Efficient Reduction Technique for Degree-Constrained Subgraph and Bidirected Network Flow Problems}
}

@inproceedings{Gab90,
  booktitle = {Proceedings of SODA '90: the 1st ACM-SIAM Symposium on Discrete Algorithms},
  author = {H.N. Gabow},
  year = {1990},
  publisher = {ACM-SIAM},
  pages = {434-443},
  title = {Data structures for weighted matching and nearest common ancestors with linking}
}

@article{Gar75,
  volume = {20},
  author = {P. G\"{a}rdenfors},
  year = {1975},
  journal = {Behavioural Science},
  pages = {166-173},
  title = {Match making: assignments based on bilateral preferences}
}

@article{Ger74,
  number = {2},
  volume = {16},
  author = {E. Gergely},
  year = {1974},
  journal = {Journal of Combinatorial Theory, Series A},
  pages = {266-272},
  title = {A simple method for constructing doubly diagonalized latin squares}
}

@article{Gus87,
  number = {1},
  volume = {16},
  author = {D. Gusfield},
  year = {1987},
  journal = {SIAM Journal on Computing},
  pages = {111-128}},
  title = {Three fast algorithms for four problems in stable marriage}
}

@article{Gus88,
  number = {4},
  volume = {17},
  author = {D. Gusfield},
  year = {1988},
  journal = {SIAM Journal on Computing},
  pages = {742-769}},
  title = {The structure of the stable roommate problem --efficient representation and enumeration of all stable assignments}
}

@article{HIIMMMS03,
  number = {1-3},
  volume = {306},
  author = {M.M. Halld\'{o}rsson and R.W. Irving and K. Iwama and D.F. Manlove and S. Miyazaki and Y. Morita and S. Scott},
  year = {2003},
  journal = {Theoretical Computer Science},
  pages = {431-447},
  title = {Approximability results for stable marriage problems with ties}
}

@inproceedings{HIMM02,
  series = {Lecture Notes in Computer Science},
  booktitle = {Proceedings of LATIN 2002: the Latin-American Theoretical INformatics symposium},
  volume = {2286},
  author = {M. Halld\'{o}rsson and K. Iwama and S. Miyazaki and Y. Morita},
  year = {2002},
  publisher = {Springer},
  pages = {554-568},
  title = {Inapproximability results on stable marriage problems}
}

@inproceedings{HIMY03,
  series = {Lecture Notes in Computer Science},
  booktitle = {Proceedings of ESA 2003: the 11th Annual European Symposium on Algorithms},
  volume = {2832},
  author = {M.M. Halld\'orsson and K. Iwama and S. Miyazaki and H. Yanagisawa},
  year = {2003},
  publisher = {Springer},
  pages = {266-277},
  title = {Improved Approximation of the Stable Marriage Problem}
}

@article{HIMY04,
  number = {3},
  volume = {325},
  author = {M.M. Halld\'orsson and K. Iwama and S. Miyazaki and H. Yanagisawa},
  year = {2004},
  journal = {Theoretical Computer Science},
  pages = {439-465},
  title = {Randomized approximation of the stable marriage problem}
}

@article{HIMY07,
  number = {3},
  volume = {3},
  author = {M. Halld\'{o}rsson and K. Iwama and S. Miyazaki and H. Yanagisawa},
  year = {2007},
  journal = {ACM Transactions on Algorithms},
  note = {Article number 30},
  title = {Improved approximation of the stable marriage problem}
}

@article{HK73,
  volume = {2},
  author = {J.E. Hopcroft and R.M. Karp},
  year = {1973},
  journal = {SIAM Journal on Computing},
  pages = {225-231},
  title = {A $n^{5/2}$ Algorithm for Maximum Matchings in Bipartite Graphs}
}

@article{HK93,
  volume = {6},
  author = {J.D. Horton and K. Kilakos},
  year = {1993},
  journal = {SIAM Journal on Discrete Mathematics},
  pages = {375-387},
  title = {Minimum edge dominating sets}
}

@inproceedings{HKMN08,
  series = {Lecture Notes in Computer Science},
  booktitle = {Proceedings of SWAT 2008, the 12th Scandinavian Workshop on Algorithm Theory},
  volume = {5124},
  author = {C-C. Huang and T. Kavitha and D. Michail and M. Nasre},
  year = {2008},
  publisher = {Springer},
  pages = {127-137},
  title = {Bounded unpopularity matchings}
}

@article{HSVS05,
  volume = {32},
  author = {P.R. Harper and V. de Senna and I.T. Vieira and A.K. Shahani},
  year = {2005},
  journal = {Computers and Operations Research},
  pages = {1255-1265},
  title = {A genetic algorithm for the project assignment problem}
}

@article{HZ79,
  number = {2},
  volume = {87},
  author = {A. Hylland and R. Zeckhauser},
  year = {1979},
  journal = {Journal of Political Economy},
  pages = {293-314},
  title = {The efficient allocation of individuals to positions}
}

@book{Har69,
  author = {F. Harary},
  year = {1969},
  publisher = {Addison-Wesley},
  title = {Graph Theory}
}

@article{Har83,
  volume = {7},
  author = {F. Harary},
  year = {1983},
  journal = {Journal of Graph Theory},
  pages = {275-284},
  title = {Maximum versus minimum invariants for graphs}
}

@inproceedings{Hua06,
  series = {Lecture Notes in Computer Science},
  booktitle = {Proceedings of ESA '06: the 14th Annual European Symposium on Algorithms},
  volume = {4168},
  author = {C.-C. Huang},
  year = {2006},
  publisher = {Springer},
  pages = {418-431},
  title = {Cheating by Men in the Gale-Shapley Stable Matching Algorithm}
}

@inproceedings{Hua07,
  series = {Lecture Notes in Computer Science},
  booktitle = {Proceedings of ESA '07: the 15th Annual European Symposium on Algorithms},
  volume = {4698},
  author = {C.-C. Huang},
  year = {2007},
  publisher = {Springer},
  pages = {558-569},
  title = {Two's company, three's a crowd: stable family and threesome roommate problems}
}

@inproceedings{IKMMP04,
  booktitle = {Proceedings of SODA '04: the 15th ACM-SIAM Symposium on Discrete Algorithms},
  author = {R.W. Irving and T. Kavitha and K. Mehlhorn and D. Michail and K. Paluch},
  year = {2004},
  publisher = {ACM-SIAM},
  pages = {68-75},
  title = {Rank-maximal matchings}
}

@article{IKMMP06,
  number = {4},
  volume = {2},
  author = {R.W. Irving and T. Kavitha and K. Mehlhorn and D. Michail and K. Paluch},
  year = {2006}},
  journal = {ACM Transactions on Algorithms},
  pages = {602-610},
  title = {Rank-maximal matchings}
}

@article{IL86,
  number = {3},
  volume = {15},
  author = {R.W. Irving and P. Leather},
  year = {1986},
  journal = {SIAM Journal on Computing},
  pages = {655-667}},
  title = {The complexity of counting stable marriages}
}

@article{ILG87,
  number = {3},
  volume = {34},
  author = {R.W. Irving and P. Leather and D. Gusfield},
  year = {1987},
  journal = {Journal of the ACM},
  pages = {532-543},
  title = {An efficient algorithm for the ``optimal" stable marriage}
}

@article{IM02,
  volume = {43},
  author = {R.W. Irving and D.F. Manlove},
  year = {2002},
  journal = {Journal of Algorithms},
  pages = {85-105},
  title = {The {S}table {R}oommates {P}roblem with {T}ies}
}

@misc{IM05,
  year = {2005},
  author = {R.W. Irving and D.F. Manlove},
  howpublished = {Unpublished manuscript},
  title = {Some preliminary observations on popular matchings in the roommates problem}
}

@inproceedings{IM07,
  series = {Lecture Notes in Computer Science},
  booktitle = {Proceedings of COCOON 2007: the 13th Annual International Computing and Combinatorics Conference},
  volume = {4598},
  author = {R.W. Irving and D.F. Manlove},
  year = {2007},
  publisher = {Springer},
  pages = {548-558}},
  title = {An 8/5 approximation algorithm for a hard variant of stable marriage}
}

@techreport{IM07T,
  month = {February}},
  number = {TR-2007-232},
  author = {R.W. Irving and D.F. Manlove},
  year = {2007},
  institution = {University of Glasgow, Department of Computing Science},
  title = {8/5-approximation algorithms for hard variants of the stable marriage and hospitals/residents problems}
}

@article{IM08,
  number = {3},
  volume = {16},
  author = {R.W. Irving and D.F. Manlove},
  year = {2008},
  journal = {Journal of Combinatorial Optimization},
  pages = {279-292},
  title = {Approximation algorithms for hard variants of the stable marriage and hospitals/residents problems}
}

@article{IM09,
  volume = {14},
  author = {R.W. Irving and D.F. Manlove},
  year = {section 1, article 2, 30 pages, 2008},
  journal = {ACM Journal of Experimental Algorithmics},
  title = {Finding large stable matchings}
}

@inproceedings{IMMM99,
  series = {Lecture Notes in Computer Science},
  booktitle = {Proceedings of ICALP '99: the 26th International Colloquium on Automata, Languages, and Programming},
  volume = {1644},
  author = {K. Iwama and D. Manlove and S. Miyazaki and Y. Morita},
  year = {1999},
  publisher = {Springer},
  pages = {443-452}},
  title = {Stable marriage with incomplete lists and ties}
}

@inproceedings{IMO04,
  series = {Lecture Notes in Computer Science},
  booktitle = {Proceedings of SWAT 2004: the 9th Scandinavian Workshop on Algorithm Theory},
  volume = {3111},
  author = {K. Iwama and S. Miyazaki and K. Okamoto},
  year = {2004},
  publisher = {Springer},
  pages = {349--361},
  title = {A $\left(2-c\frac{\log n}{n}\right)$-Approximation Algorithm for the Stable Marriage Problem}
}

@inproceedings{IMO06,
  series = {Texts in Algorithmics},
  booktitle = {Proceedings of ACiD 2006: the 2nd Algorithms and Complexity in Durham workshop},
  volume = {7},
  author = {R.W. Irving and D.F. Manlove and G. O'Malley},
  year = {2006},
  publisher = {College Publications},
  pages = {95-106},
  title = {Stable marriage with ties and bounded length preference lists}
}

@article{IMO09,
  number = {2},
  volume = {7},
  author = {R.W. Irving and D.F. Manlove and G. O'Malley},
  year = {2009},
  journal = {Journal of Discrete Algorithms},
  pages = {213-219},
  title = {Stable marriage with ties and bounded length preference lists}
}

@inproceedings{IMS00,
  series = {Lecture Notes in Computer Science},
  booktitle = {Proceedings of SWAT 2000: the 7th Scandinavian Workshop on Algorithm Theory},
  volume = {1851},
  author = {R.W. Irving and D.F. Manlove and S. Scott},
  year = {2000},
  publisher = {Springer},
  pages = {259-271}},
  title = {The {H}ospitals/{R}esidents problem with {T}ies}
}

@techreport{IMS02,
  number = {TR-2002-123},
  author = {R.W. Irving and D.F. Manlove and S. Scott},
  year = {2002},
  note = {Revised May 2005},
  institution = {University of Glasgow, Department of Computing Science},
  title = {Strong stability in the {H}ospitals/{R}esidents problem}
}

@inproceedings{IMS03,
  series = {Lecture Notes in Computer Science},
  booktitle = {Proceedings of STACS 2003: the 20th Annual Symposium on Theoretical Aspects of Computer Science},
  volume = {2607},
  author = {R.W. Irving and D.F. Manlove and S. Scott},
  year = {2003},
  publisher = {Springer},
  pages = {439-450}},
  title = {Strong stability in the {H}ospitals/{R}esidents problem}
}

@article{IMS08,
  number = {15},
  volume = {156},
  author = {R.W. Irving and D.F. Manlove and S. Scott},
  year = {2008},
  journal = {Discrete Applied Mathematics},
  pages = {2959-2977},
  title = {The stable marriage problem with master preference lists}
}

@inproceedings{IMY05,
  series = {Lecture Notes in Computer Science},
  booktitle = {Proceedings of ISAAC 2005: the 16th Annual International Symposium on Algorithms and Computation},
  volume = {3827},
  author = {K. Iwama and S. Miyazaki and N. Yamauchi},
  year = {2005},
  publisher = {Springer},
  pages = {902--914},
  title = {A $\left(2-c\frac{1}{\sqrt{N}}\right)$-Approximation Algorithm for the Stable Marriage Problem}
}

@inproceedings{IMY07,
  booktitle = {Proceedings of SODA 2007: the Eighteenth ACM/SIAM Symposium on Discrete Algorithms},
  author = {K. Iwama and S. Miyazaki and N. Yamauchi},
  year = {2007},
  pages = {288-297},
  title = {A 1.875--approximation algorithm for the stable marriage problem}
}

@inproceedings{IMY07A,
  series = {Lecture Notes in Computer Science},
  booktitle = {Proceedings of WADS 2007: the Tenth International Workshop on Algorithms and Data Structures},
  volume = {4619},
  author = {K. Iwama and S. Miyazaki and H. Yanagisawa},
  year = {2007},
  publisher = {Springer},
  pages = {201-213},
  title = {Approximation algorithms for the sex-equal stable marriage problem}
}

@article{IS07,
  number = {2118-2129},
  volume = {155},
  author = {R.W. Irving and S. Scott},
  year = {2007},
  journal = {Discrete Applied Mathematics},
  title = {The Stable Fixtures Problem}
}

@misc{Ilog,
  howpublished = {http://www.ilog.com/products/jsolver/},
  title = {{ILOG JSolver}}
}

@misc{Irv02,
  year = {2002},
  author = {R.W. Irving},
  title = {Personal communication}
}

@techreport{Irv04,
  number = {TR-2004-177},
  author = {R.W. Irving},
  year = {2004},
  institution = {University of Glasgow, Department of Computing Science},
  title = {The {M}an-{E}xchange {S}table {M}arriage problem}
}

@unpublished{Irv06,
  year = {2006},
  author = {R.W. Irving},
  note = {Unpublished manuscript},
  title = {Greedy and generous matchings via a variant of the {B}ellman-{F}ord algorithm}
}

@article{Irv85,
  volume = {6},
  author = {R.W. Irving},
  year = {1985},
  journal = {Journal of Algorithms},
  pages = {577-595},
  title = {An efficient algorithm for the ``stable roommates" problem}
}

@techreport{Irv86,
  number = {CSC/86/R5}},
  author = {R.W. Irving},
  year = {1986},
  institution = {University of Glasgow, Department of Computing Science},
  title = {On the stable room-mates problem}
}

@article{Irv94,
  volume = {48},
  author = {R.W. Irving},
  year = {1994},
  journal = {Discrete Applied Mathematics},
  pages = {261-272},
  title = {Stable marriage and indifference}
}

@inproceedings{Irv98,
  series = {Lecture Notes in Computer Science},
  booktitle = {Proceedings of ESA '98: the Sixth European Symposium on Algorithms},
  volume = {1461},
  author = {R.W. Irving},
  year = {1998},
  publisher = {Springer},
  pages = {381-392},
  title = {Matching medical students to pairs of hospitals: a new variation on a well-known theme}
}

@incollection{KH78,
  author = {B. Korte and D. Hausmann},
  booktitle = {Annals of Discrete Mathematics},
  year = {1978},
  pages = {65-74},
  volume = {2},
  title = {An analysis of the greedy heuristic for independence systems},
  publisher = {North-Holland}
}

@inproceedings{KH78a,
  booktitle = {Proceedings of STOC '78: the 10th Annual ACM Symposium on Theory of Computing},
  author = {D.G. Kirkpatrick and P. Hell},
  year = {1978},
  publisher = {ACM},
  pages = {240-245},
  title = {On the completeness of a generalized matching problem}
}

@article{KH83,
  volume = {12},
  author = {D. G. Kirkpatrick and P. Hell},
  year = {1983},
  journal = {siam},
  pages = {601--609},
  title = {On the complexity of general graph factor problems}
}

@article{KK05,
  volume = {121},
  author = {B. Klaus and F. Klijn},
  year = {2005},
  journal = {Journal of Economic Theory},
  pages = {75-106},
  title = {Stable matchings and preferences of couples}
}

@article{KK07,
  volume = {58},
  author = {B. Klaus and F. Klijn},
  year = {2007},
  journal = {Games and Economic Behavior},
  pages = {154-171},
  title = {Paths to stability for matching markets with couples}
}

@article{KKN09,
  author = {B. Klaus and F. Klijn and T. Nakamura},
  year = {2009},
  journal = {Journal of Economic Theory, \emph{to appear}},
  title = {Corrigendum: {S}table matchings and preferences of couples}
}

@article{KLM99,
  number = {1},
  volume = {7},
  author = {E. Kujansuu and T. Lindberg and E. M\"akinen},
  year = {1999},
  journal = {Divulgaciones Matem\'aticas},
  pages = {19-28},
  title = {The Stable Roommates Problem and Chess Tournament Pairings}
}

@inproceedings{KMMP04,
  series = {Lecture Notes in Computer Science},
  booktitle = {Proceedings of STACS 2004: the 21st International Symposium on Theoretical Aspects of Computer Science},
  volume = {2996},
  author = {T. Kavitha and K. Mehlhorn and D. Michail and K. Paluch},
  year = {2004},
  publisher = {Springer},
  pages = {222-233}},
  title = {Strongly Stable Matchings in Time {$O(nm)$} and Extension to the {H}ospitals-{R}esidents Problem}
}

@article{KMMP07,
  number = {2},
  volume = {3},
  author = {T. Kavitha and K. Mehlhorn and D. Michail and K.E. Paluch},
  year = {2007},
  journal = {ACM Transactions on Algorithms},
  note = {Article number 15},
  title = {Strongly Stable Matchings in Time {$O(nm)$} and Extension to the {H}ospitals-{R}esidents Problem}
}

@article{KMV94,
  volume = {127},
  author = {S. Khuller and S.G. Mitchell and V.V. Vazirani},
  year = {1994},
  journal = {Theoretical Computer Science},
  pages = {255-267},
  title = {On-line algorithms for weighted bipartite matching and stable marriages}
}

@inproceedings{KN08,
  booktitle = {In Proceedings of Match-UP 2008: Workshop on Matching Under Preferences -- Algorithms and Complexity, held at ICALP 2008},
  author = {T. Kavitha and M. Nasre},
  year = {2008},
  pages = {46-54},
  title = {Optimal popular matchings}
}

@inproceedings{KS06,
  series = {Lecture Notes in Computer Science},
  booktitle = {Proceedings of ISAAC 2006: the Seventeenth International Symposium on Algorithms and Computation},
  volume = {4288},
  author = {T. Kavitha and C.D. Shah},
  year = {2006},
  publisher = {Springer},
  pages = {153-162},
  title = {Efficient Algorithms for Weighted Rank-Maximal Matchings and Related Problems }
}

@incollection{Kar72,
  author = {R.M. Karp},
  editor = {R.E. Miller and J.W. Thatcher},
  booktitle = {Complexity of Computer Computations},
  year = {1972},
  pages = {85-103},
  title = {Reducibility Among Combinatorial Problems},
  publisher = {Plenum Press}
}

@article{Kat93,
  volume = {10},
  author = {A. Kato},
  year = {1993},
  journal = {Japan Journal of Industrial and Applied Mathematics},
  pages = {1-19},
  title = {Complexity of the sex-equal stable marriage problem}
}

@unpublished{Kaz02,
  year = {2002},
  author = {D. Kazakov},
  note = {Manuscript, University of York, Department of Computer Science},
  title = {Co-ordination of student-project allocation}
}

@inproceedings{Kir08,
  series = {Lecture Notes in Computer Science},
  booktitle = {Proceedings of ESA '08: the 16th Annual European Symposium on Algorithms},
  volume = {5193},
  author = {Z. Kir\'{a}ly},
  year = {2008},
  pages = {623-634},
  title = {Better and simpler approximation algorithms for the stable marriage problem}
}

@book{Knu76,
  author = {D.E. Knuth},
  year = {1976},
  publisher = {Les Presses de L'Universit\'{e} de Montr\'{e}al},
  title = {Mariages Stables}
}

@book{Knu97,
  series = {CRM Proceedings and Lecture Notes},
  volume = {10},
  author = {D.E. Knuth},
  year = {1997},
  publisher = {American Mathematical Society},
  note = {English translation of \emph{Mariages Stables}, Les Presses de L'Universit\'{e} de Montr\'{e}al, 1976}},
  title = {Stable Marriage and its Relation to Other Combinatorial Problems}
}

@incollection{LLP84,
  author = {M. Lesk and M.D. Plummer and W.R. Pulleyblank},
  editor = {B. Bollob\'{a}s},
  booktitle = {Graph Theory and Combinatorics},
  year = {1984},
  pages = {239-254},
  title = {Equi-matchable graphs},
  chapter = {21},
  publisher = {Academic Press}
}

@book{LP86,
  series = {Annals of Discrete Mathematics},
  author = {L. Lov\'{a}sz and M.D. Plummer},
  year = {1986},
  publisher = {North-Holland},
  title = {Matching Theory}
}

@book{Law76,
  author = {E.L. Lawler},
  year = {1976},
  publisher = {Halt, Rinehart and Winston},
  title = {Combinatorial Optimization: Networks and Matroids}
}

@mastersthesis{Low97,
  author = {G.M. Low},
  year = {1997},
  school = {University of Glasgow, Department of Computing Science},
  title = {Matching medical students to hospital posts in the {W}est of {S}cotland}
}

@unpublished{MA02,
  year = {2002},
  author = {D.F. Manlove and D.J. Abraham},
  note = {Unpublished manuscript},
  title = {A reduction from {S}table {R}oommates to {S}table {M}arriage}
}

@article{MCS07,
  volume = {101},
  author = {E. McDermid and C. Cheng and I. Suzuki},
  year = {2007},
  journal = {Information Processing Letters},
  pages = {13-19},
  title = {Hardness results on the man-exchange stable marriage problem with short preference lists}
}

@techreport{MI08,
  number = {TR-2008-292},
  author = {E. McDermid and R.W. Irving},
  year = {2008},
  institution = {University of Glasgow, Department of Computing Science},
  title = {Popular Matchings: Structure and Algorithms}
}

@article{MIIMM02,
  number = {1-2},
  volume = {276},
  author = {D.F. Manlove and R.W. Irving and K. Iwama and S. Miyazaki and Y. Morita},
  year = {2002}},
  journal = {Theoretical Computer Science},
  pages = {261-279},
  title = {Hard variants of stable marriage}
}

@unpublished{MM06,
  year = {2006},
  author = {K. Mehlhorn and D. Michail},
  note = {Unpublished manuscript},
  title = {Network problems with non-polynomial weights and applications}
}

@book{MN99,
  author = {K. Mehlhorn and S. Naher},
  year = {1999},
  publisher = {Cambridge University Press},
  title = {LEDA: A Platform for Combinatorial and Geometric Computing}
}

@inproceedings{MO05,
  booktitle = {Proceedings of the 5th Workshop on Modelling and Solving Problems with Constraints, held at IJCAI '05: the 19th International Joint Conference on Artificial Intelligence},
  author = {D.F. Manlove and G. O'Malley},
  year = {2005},
  pages = {10-17},
  title = {Modelling and solving the stable marriage problem using constraint programming}
}

@techreport{MO05a,
  month = {April},
  number = {TR-2005-192},
  author = {D.F. Manlove and G. O'Malley},
  year = {2005},
  institution = {University of Glasgow, Department of Computing Science},
  title = {Modelling and solving the stable marriage problem using constraint programming}
}

@inproceedings{MO05b,
  series = {Texts in Algorithmics},
  booktitle = {Proceedings of ACiD 2005: the 1st Algorithms and Complexity in Durham workshop},
  volume = {4},
  author = {D.F. Manlove and G. O'Malley},
  year = {2005},
  publisher = {KCL Publications},
  pages = {69-80},
  title = {Student project allocation with preferences over projects}
}

@article{MO08,
  volume = {6},
  author = {D.F. Manlove and G. O'Malley},
  year = {2008},
  journal = {Journal of Discrete Algorithms},
  pages = {553-560},
  title = {Student project allocation with preferences over projects}
}

@inproceedings{MOPU05,
  booktitle = {Proceedings of the 4th Workshop on Modelling and Reformulating Constraint Satisfaction Problems, held at CP '05: the 11th International Conference on Principles and Practice of Constraint Programming},
  author = {D.F. Manlove and G. O'Malley and P. Prosser and C. Unsworth},
  year = {2005},
  pages = {28-43},
  title = {A {C}onstraint {P}rogramming {A}pproach to the {H}ospitals / {R}esidents {P}roblem}
}

@techreport{MOPU05a,
  month = {August},
  number = {TR-2005-196},
  author = {D.F. Manlove and G. O'Malley and P. Prosser and C. Unsworth},
  year = {2005},
  institution = {University of Glasgow, Department of Computing Science},
  title = {A {C}onstraint {P}rogramming {A}pproach to the {H}ospitals / {R}esidents {P}roblem}
}

@inproceedings{MOPU07,
  series = {Lecture Notes in Computer Science},
  booktitle = {Proceedings of CP-AI-OR 2007: the 4th International Conference on Integration of AI and OR Techniques in Constraint Programming for Combinatorial Optimization},
  volume = {4510},
  author = {D.F. Manlove and G. O'Malley and P. Prosser and C. Unsworth},
  year = {2007},
  publisher = {Springer},
  pages = {155-170},
  title = {A {C}onstraint {P}rogramming {A}pproach to the {H}ospitals / {R}esidents {P}roblem}
}

@inproceedings{MS06,
  series = {Lecture Notes in Computer Science},
  booktitle = {Proceedings of ESA '06: the 14th Annual European Symposium on Algorithms},
  volume = {4168},
  author = {D.F. Manlove and C.T.S. Sng},
  year = {2006},
  publisher = {Springer},
  pages = {492-503},
  title = {Popular matchings in the {C}apacitated {H}ouse {A}llocation problem}
}

@techreport{MS06a,
  number = {TR-2006-222},
  author = {D.F. Manlove and C.T.S. Sng},
  year = {2006},
  institution = {University of Glasgow, Department of Computing Science},
  title = {Popular matchings in the {C}apacitated {H}ouse {A}llocation problem}
}

@misc{MTAS07,
  key = {MTAS},
  title = {{\tt https://www.mtas.nhs.uk/round_info/53/match_fs.html} (MTAS website}
}

@inproceedings{MV80,
  booktitle = {Proceedings of FOCS '80: the 21st Annual IEEE Symposium on Foundations of Computer Science},
  author = {S. Micali and V.V. Vazirani},
  year = {1980},
  publisher = {IEEE Computer Society},
  pages = {17-27},
  title = {An {$O(\sqrt{|V|} \cdot |E|)$} algorithm for finding maximum matching in general graphs}
}

@article{MW71,
  volume = {14},
  author = {D. Mc{V}itie and L.B. Wilson},
  year = {1971},
  journal = {Communications of the ACM},
  pages = {486-490},
  title = {The stable marriage problem}
}

@inproceedings{Mah06,
  booktitle = {Proceedings of EC '06: the 7th ACM Conference on Electronic Commerce},
  author = {M. Mahdian},
  year = {2006},
  publisher = {ACM},
  pages = {238-242},
  title = {Random popular matchings}
}

@inproceedings{Mal04,
  series = {Lecture Notes in Computer Science},
  booktitle = {Proceedings of ESA '04: the Twelfth Annual European Symposium on Algorithms},
  volume = {3221},
  author = {V.S. Malhotra},
  year = {2004},
  publisher = {Springer},
  pages = {508-519},
  title = {On the stability of multiple partner stable marriages with ties}
}

@article{Man02,
  number = {1-3},
  volume = {122},
  author = {D.F. Manlove},
  year = {2002},
  journal = {Discrete Applied Mathematics},
  pages = {167-181},
  title = {The structure of stable marriage with indifference}
}

@techreport{Man99,
  month = {January},
  number = {TR-1999-29},
  author = {D.F. Manlove},
  year = {1999},
  institution = {University of Glasgow, Department of Computing Science},
  title = {Stable marriage with ties and unacceptable partners}
}

@unpublished{McC06,
  year = {2006},
  author = {R.M. McCutcheon},
  note = {Unpublished manuscript},
  title = {Least-unpopularity-factor matching}
}

@inproceedings{McC08,
  series = {Lecture Notes in Computer Science},
  booktitle = {Proceedings of LATIN 2008: the 8th Latin-American Theoretical INformatics symposium},
  volume = {4957},
  author = {R.M. McCutchen},
  year = {2008},
  publisher = {Springer},
  pages = {593-604},
  title = {The least-unpopularity-factor and least-unpopularity-margin criteria for matching problems with one-sided preferences}
}

@techreport{McD08,
  number = {TR-2008-287},
  author = {E. McDermid},
  year = {2008},
  institution = {University of Glasgow, Department of Computing Science},
  title = {A 3/2 approximation algorithm for general stable marriage}
}

@article{Mer05,
  number = {10},
  volume = {2005},
  author = {S. Mertens},
  year = {2005}},
  journal = {Journal of Statistical Mechanics: Theory and Experiment},
  pages = {P10008},
  title = {Random stable matchings}
}

@inproceedings{Mes06,
  series = {Lecture Notes in Computer Science},
  booktitle = {Proceedings of ICALP '06: the 33rd International Colloquium on Automata, Languages and Programming},
  volume = {4051},
  author = {J. Mestre},
  year = {2006},
  publisher = {Springer},
  pages = {715-726},
  title = {Weighted popular matchings}
}

@article{Muk97,
  volume = {276},
  author = {M. Mukerjee},
  year = {1997},
  journal = {Scientific American},
  pages = {40-41},
  title = {Medical mismatch}
}

@article{NH90,
  volume = {19},
  author = {C. Ng and D.S. Hirschberg},
  year = {1990},
  journal = {SIAM Journal on Computing},
  pages = {71-77},
  title = {Lower bounds for the stable marriage problem and its variants}
}

@article{NH91,
  volume = {4},
  author = {C. Ng and D.S. Hirschberg},
  year = {1991},
  journal = {SIAM Journal on Discrete Mathematics},
  pages = {245-252},
  title = {Three-dimensional stable matching problems}
}

@misc{NR04,
  month = {January},
  year = {2004},
  author = {M. Niederle and A.E. Roth},
  note = {\verb+http://www.nber.org/papers/w10256+.},
  howpublished = {National Bureau of Economic Research (Cambridge, MA) working paper 10256},
  title = {Market Culture: How Norms Governing Explording Offers affect Market Performance}
}

@misc{NRMP1,
  author = {National Resident Matching Program},
  key = {NRMP1},
  howpublished = {{W}eb document available at\verb+http://www.nrmp.org/about_nrmp/how.html+.},
  title = {About the {NRMP}}
}

@misc{NRMP2,
  author = {National Resident Matching Program},
  key = {NRMP2},
  howpublished = {{W}eb document available at\verb+http://www.nrmp.org/whythematch.pdf+.},
  title = {Why the {M}atch?}
}

@article{Nie98,
  volume = {252},
  author = {Th.M. Nieuwenhuizen},
  year = {1998},
  journal = {Physica A},
  pages = {178-198},
  title = {The marriage problem and the fate of bachelors}
}

@phdthesis{OMa07,
  author = {G. O'Malley},
  year = {2007},
  school = {University of Glasgow, Department of Computing Science},
  title = {Algorithmic Aspects of Stable Matching Problems}
}

@article{PI94,
  volume = {5},
  author = {B.G. Pittel and R.W. Irving},
  year = {1994},
  journal = {Random Structures and Algorithms},
  pages = {465-486},
  title = {An upper bound for the solvability probability of a random stable roommates instance}
}

@article{PPR08,
  number = {3-4},
  volume = {36},
  author = {N. Perach and J. Polak and U.G. Rothblum},
  year = {2008},
  journal = {International Journal of Game Theory},
  pages = {519-535},
  title = {A stable matching model with an entrance criterion applied to the assignment of students to dormitories at the technion}
}

@article{Pro72,
  number = {2},
  volume = {23},
  author = {L.G. Proll},
  year = {1972},
  journal = {Operational Research Quarterly},
  pages = {195-201},
  title = {A simple method of assigning projects to students}
}

@article{Pul87,
  volume = {16},
  author = {W.R. Pulleyblank},
  year = {1987},
  journal = {Discrete Applied Mathematics},
  pages = {51-58},
  title = {Fractional matchings and the {E}dmonds-{G}allai theorem}
}

@incollection{Pul95,
  author = {W.R. Pulleyblank},
  editor = {R.L. Graham and M. Grotschel and L. Lovasz},
  booktitle = {Handbook of Combinatorics},
  year = {1995},
  pages = {179-232},
  volume = {1},
  title = {Matchings and Extensions},
  chapter = {3},
  publisher = {North-Holland}
}

@article{QW04,
  number = {4},
  volume = {29},
  author = {T. Quint and J. Wako},
  year = {2004},
  journal = {Mathematics of Operations Research},
  pages = {861-877},
  title = {On Houseswapping, the Strict Core, Segmentation, and Linear Programming}
}

@article{RP77,
  volume = {4},
  author = {A.E. Roth and A. Postlewaite},
  year = {1977},
  journal = {Journal of Mathematical Economics},
  pages = {131-137},
  title = {Weak versus strong domination in a market with indivisible goods}
}

@article{RP97,
  number = {9},
  volume = {278},
  author = {A. E. Roth and E. Peranson},
  year = {1997},
  journal = {Journal of the American Medical Association},
  pages = {729-732},
  title = {The effects of the change in the NRMP matching algorithm}
}

@book{RS90,
  series = {Econometric Society Monographs}},
  volume = {18},
  author = {A.E. Roth and M.A.O. Sotomayor},
  year = {1990},
  publisher = {Cambridge University Press},
  title = {Two-sided matching: a study in game-theoretic modeling and analysis}
}

@article{RSU04,
  volume = {119},
  author = {A.E. Roth and T. S\"onmez and M. Utku \"Unver},
  year = {2004},
  journal = {Quarterly Journal of Economics},
  pages = {457-488},
  title = {Kidney exchange}
}

@article{RSU05,
  volume = {125},
  author = {A.E. Roth and T. S\"onmez and M. Utku \"Unver},
  year = {2005},
  journal = {Journal of Economic Theory},
  pages = {151-188},
  title = {Pairwise kidney exchange}
}

@article{RX97,
  number = {2},
  volume = {105},
  author = {A.E. Roth and X. Xing},
  year = {1997},
  journal = {Journal of Political Economy},
  pages = {284-329},
  title = {Turnaround Time and Bottlenecks in Market Clearing: Decentralized Matching in the Market for Clinical Psychologists}
}

@mastersthesis{Rob01,
  author = {P.A. Robards},
  year = {2001},
  school = {Naval Postgraduate School, Monterey, California},
  title = {Applying two-sided matching processes to the United States Navy enlisted assignment process}
}

@article{Rom01,
  number = {3},
  volume = {50},
  author = {A. Romero-Medina},
  year = {2001},
  journal = {Theory and Decision},
  pages = {197-212},
  title = {Sex-equal stable matchings}
}

@article{Rom98,
  number = {2},
  volume = {3},
  author = {A. Romero-Medina},
  year = {1998},
  journal = {Review of Economic Design},
  pages = {137-147},
  title = {Implementation of Stable Solutions in a Restricted Matching Market}
}

@phdthesis{Ron86,
  author = {E. Ronn},
  year = {1986},
  school = {Yale University},
  title = {On the complexity of stable matchings with and without ties}
}

@article{Ron90,
  volume = {11},
  author = {E. Ronn},
  year = {1990},
  journal = {Journal of Algorithms},
  pages = {285-304},
  title = {{NP}-complete stable matching problems}
}

@article{Rot03,
  volume = {289},
  author = {A.E. Roth},
  year = {2003},
  journal = {Journal of the American Medical Association},
  pages = {909-912},
  title = {The origins, history, and design of the resident match}
}

@article{Rot82,
  volume = {9},
  author = {A.E. Roth},
  year = {1982},
  journal = {Economics Letters},
  pages = {127-132},
  title = {Incentive compatibility in a market with indivisible goods}
}

@article{Rot84,
  number = {6},
  volume = {92},
  author = {A.E. Roth},
  year = {1984},
  journal = {Journal of Political Economy},
  pages = {991-1016},
  title = {The evolution of the labor market for medical interns and residents: a case study in game theory}
}

@article{Rot85,
  number = {3},
  volume = {10},
  author = {A.E. Roth},
  year = {1985},
  journal = {Mathematics of Operations Research},
  pages = {379-389},
  title = {Conflict and coincidence of interest in job matching: some new results and open questions}
}

@article{Rot86,
  volume = {54},
  author = {A.E. Roth},
  year = {1986},
  journal = {Econometrica},
  pages = {425-427},
  title = {On the allocation of residents to rural hospitals: a general property of two-sided matching markets}
}

@article{Rot90,
  volume = {250},
  author = {A.E. Roth},
  year = {1990},
  journal = {Science},
  pages = {1524-1528},
  title = {New Physicians: A Natural Experiment in Market Organization}
}

@article{Rot91,
  volume = {81},
  author = {A.E. Roth},
  year = {1991},
  journal = {American Economic Review},
  pages = {415-440},
  title = {A Natural Experiment in the Organization of Entry Level Labor Markets: Regional Markets for New Physicians and Surgeons in the U.K}
}

@inproceedings{SM07,
  series = {Texts in Algorithmics},
  booktitle = {Proceedings of ACiD 2007: the 3rd Algorithms and Complexity in Durham workshop},
  volume = {9},
  author = {C.T.S. Sng and D.F. Manlove},
  year = {2007},
  publisher = {College Publications},
  pages = {129-140},
  title = {Popular matchings in the weighted capacitated house allocation problem}
}

@article{SS74,
  volume = {1},
  author = {L. Shapley and H. Scarf},
  year = {1974},
  journal = {Journal of Mathematical Economics},
  pages = {23-37},
  title = {On cores and indivisibility}
}

@article{SV82,
  number = {1},
  volume = {15},
  author = {L.J. Stockmeyer and V.V. Vazirani},
  year = {1982},
  journal = {Information Processing Letters},
  pages = {14-19},
  title = {{NP}-completeness of some generalizations of the maximum matching problem}
}

@inproceedings{SZB04,
  booktitle = {Proceedings of the Workshop on CSP Techniques with Immediate Application (CSPIA), held at CP '04: the 10th International Conference on Principles and Practice of Constraint Programming},
  author = {M.-C. Silaghi and M. Zanker and R. Bart\'ak},
  year = {2004},
  pages = {83-96},
  title = {Desk-mates (stable matching) with privacy of preferences, and a new distributed {CSP} framework}
}

@phdthesis{Sco05,
  author = {S. Scott},
  year = {2005},
  school = {University of Glasgow, Department of Computing Science},
  title = {A study of stable marriage problems with ties}
}

@phdthesis{Sng08,
  author = {C.T.S. Sng},
  year = {2008},
  school = {University of Glasgow, Department of Computing Science},
  title = {Efficient Algorithms for Bipartite Matching Problems with Preferences}
}

@article{Spi95,
  volume = {58},
  author = {B. Spieker},
  year = {1995},
  journal = {Discrete Applied Mathematics},
  pages = {79-84},
  title = {The set of super-stable marriages forms a distributive lattice}
}

@article{Sub94,
  number = {4},
  volume = {23},
  author = {A. Subramanian},
  year = {1994},
  journal = {SIAM Journal on Computing},
  pages = {671-700},
  title = {A New Approach to Stable Matching Problems}
}

@article{TH95,
  volume = {59},
  author = {J.J.M. Tan and Y.-C. Hsueh},
  year = {1995},
  journal = {Discrete Applied Mathematics},
  pages = {87-102},
  title = {A generalization of the stable matching problem}
}

@article{TH98,
  number = {1},
  volume = {41},
  author = {C.Y. Teo and D.J. Ho},
  year = {1998},
  journal = {IEEE Transactions on Education},
  pages = {25-30},
  title = {A Systematic Approach to the Implementation of Final Year Projectin an Electrical Engineering Undergraduate Course}
}

@misc{TI06,
  year = {2006},
  author = {J. Takeda and Y. Ito},
  note = {Unpublished manuscript},
  title = {Stable two-sided matching algorithm applicable to variable size elements}
}

@inproceedings{TST99,
  series = {Lecture Notes in Computer Science},
  booktitle = {Proceedings of IPCO '99: the 7th Conference on Integer Programming and Combinatorial Optimization},
  volume = {1610},
  author = {C.-P. Teo and J. Sethuraman and W.-P. Tan},
  year = {1999},
  pages = {429-438},
  title = {{G}ale-{S}hapley stable marriage problem revisited: strategic issues and applications}
}

@article{Tan90,
  volume = {29},
  author = {J.J.M. Tan},
  year = {1990},
  journal = {BIT},
  pages = {631-640},
  title = {A maximum stable matching for the roommates problem}
}

@article{Tan91,
  volume = {12},
  author = {J.J.M. Tan},
  year = {1991},
  journal = {Journal of Algorithms},
  pages = {154-178},
  title = {A necessary and sufficient condition for theexistence of a complete stable matching}
}

@article{Tan91a,
  volume = {39},
  author = {J.J.M. Tan},
  year = {1991},
  journal = {International Journal of Computer Mathematics},
  pages = {11-20},
  title = {Stable matchings and stable partitions}
}

@misc{Tho03,
  year = {2003},
  author = {M. Thorn},
  howpublished = {BSc Honours project report, University of York, Department of Computer Science},
  title = {A constraint programming approach to the student-project allocation problem}
}

@misc{Tho04,
  year = {2004},
  author = {A. Thomson},
  howpublished = {BSc Honours project report, University of Glasgow, Department of Computing Science},
  title = {An empirical study of the stable roommates problem}
}

@article{Thu02,
  volume = {248},
  author = {E.G. Thurber},
  year = {2002},
  journal = {Discrete Applied Mathematics},
  pages = {195--219},
  title = {Concerning the maximum number of stable matchings in the stable marriage problem}
}

@misc{Times06,
  month = {4 March},
  year = {2006},
  author = {N. Hawkes},
  howpublished = {\emph{The Times}, London},
  title = {Online selection of new doctors grossly unfair}
}

@inproceedings{UP05,
  series = {Lecture Notes in Artificial Intelligence},
  booktitle = {Proceedings of SARA '05: Symposium on Abstraction, Reformulation and Approximation},
  volume = {3607},
  author = {C. Unsworth and P. Prosser},
  year = {2005},
  publisher = {Springer},
  pages = {218-233},
  title = {A specialised binary constraint for the stable marriage problem}
}

@inproceedings{UP05b,
  booktitle = {Proceedings of the 5th Workshop on Modelling and Solving Problems with Constraints, held at IJCAI '05: the 19th International Joint Conference on Artificial Intelligence},
  author = {C. Unsworth and P. Prosser},
  year = {2005},
  pages = {32-38},
  title = {An $n$-ary constraint for the stable marriage problem}
}

@inproceedings{Uno01,
  series = {Lecture Notes in Computer Science},
  booktitle = {Proceedings of ISAAC 2001: the 12th Annual International Symposium on Algorithms and Computation},
  volume = {2223},
  author = {T. Uno},
  year = {2001},
  publisher = {Springer},
  pages = {367-379},
  title = {A fast algorithm for enumerating bipartite perfect matchings}
}

@inproceedings{Uno97,
  booktitle = {ISAAC '97: Proceedings of the 8th International Symposium on Algorithms and Computation},
  author = {T. Uno},
  year = {1997},
  publisher = {Springer}},
  pages = {92--101},
  title = {Algorithms for Enumerating All Perfect, Maximum and Maximal Matchings in Bipartite Graphs}
}

@article{VV89,
  number = {3},
  volume = {8},
  author = {J.E. Vande Vate},
  year = {1989},
  journal = {Operations Research Letters},
  pages = {147-153}},
  title = {Linear programming brings marital bliss}
}

@article{Wil72,
  volume = {12},
  author = {L.B. Wilson},
  year = {1972},
  journal = {BIT},
  pages = {569-575},
  title = {An analysis of the stable marriage assignment algorithm}
}

@article{YG80,
  number = {1},
  volume = {18},
  author = {M. Yannakakis and F. Gavril},
  year = {1980},
  journal = {SIAM Journal on Applied Mathematics},
  pages = {364-372},
  title = {Edge Dominating Sets in Graphs}
}

@techreport{YGS03,
  number = {CMU-RI-TR-03-49},
  author = {W.~Yang and J.A. Giampapa and K.~Sycara},
  year = {2003},
  institution = {Robotics Institute, Carnegie-Mellon University},
  title = {Two-sided matching for the {U}.{S}. {N}avy {D}etailing {P}rocess with market complication}
}

@phdthesis{Yan07,
  author = {H. Yanagisawa},
  year = {2007}},
  school = {Kyoto University, School of Informatics},
  title = {Approximation Algorithms for Stable Marriage Problems}
}

@article{Yua96,
  volume = {90},
  author = {Y. Yuan},
  year = {1996},
  journal = {European Journal of Operational Research},
  pages = {536-546}},
  title = {Residence exchange wanted: a stable residence exchange problem}
}

@misc{ZZZ1,
  key = {ZZZ1},
  howpublished = {{\tt http://groups.yahoo.com/group/theory-edge/message/1601}}
}

@misc{ZZZ10,
  key = {ZZZ10},
  title = {{\tt http://www.jrmp.jp} ({J}apan {R}esident {M}atching {P}rogram website)}
}

@misc{ZZZ2,
  key = {ZZZ2},
  howpublished = {{\tt http://groups.yahoo.com/group/theory-edge/}}
}

@misc{ZZZ3,
  key = {ZZZ3},
  howpublished = {{\tt http://www.busygin.dp.ua/clipat.html}}
}

@misc{ZZZ4,
  key = {ZZZ4},
  title = {{\tt http://www.dcs.gla.ac.uk/research/algorithms/stable} (website of the {EPSRC}-funded \emph{{S}table {M}atching {A}lgorithms} research project, grant reference {GR/M13329})}
}

@misc{ZZZ5,
  key = {ZZZ6a},
  title = {{\tt http://www.nrmp.org} ({N}ational {R}esident {M}atching {P}rogram website)}
}

@misc{ZZZ6,
  key = {ZZZ6},
  title = {{\tt http://www.carms.ca} ({C}anadian {R}esident {M}atching {S}ervice website)}
}

@misc{ZZZ7,
  key = {ZZZ7},
  title = {{\tt http://www.nes.scot.nhs.uk/sfas} ({S}cottish {F}oundation {A}llocation {S}cheme website)}
}

@misc{ZZZ8,
  key = {ZZZ8},
  title = {{\tt http://www.scotland.gov.uk/library5/education/tisc.pdf} ({S}cottish {E}xecutive {T}eacher {I}nduction {S}cheme brochure)}
}

@misc{ZZZ9,
  key = {ZZZ9},
  title = {{\tt http://www.nepke.org} ({N}ew {E}ngland {P}rogram for {K}idney {E}xchange website)}
}

@article{Zho90,
  number = {1},
  volume = {52},
  author = {L. Zhou},
  year = {1990},
  journal = {Journal of Economic Theory},
  pages = {123-135},
  title = {On a conjecture by {G}ale about one-sided matching problems}
}

@phdthesis{Zit99a,
  author = {M. Zito},
  year = {1999},
  school = {University of Warwick, Department of Computer Science},
  title = {Randomised Techniques in Combinatorial Algorithms}
}

