@article{AB03,
  number = {3},
  volume = {46},
  author = {A.A. Anwar and A.S. Bahaj},
  year = {2003},
  journal = {IEEE Transactions on Education},
  pages = {359-367},
  title = {Student Project Allocation Using Integer Programming}
}

@book{ACGKMP99,
  author = {G. Ausiello and P. Crescenzi and G. Gambosi and V. Kann and A. Marchetti-Spaccamela and M. Protasi},
  year = {1999},
  publisher = {Springer},
  title = {Complexity and Approximation}
}

@booklet{ABOOKLET9,
  title = {Complexity and Approximation},
  author = {G. Ausiello and P. Crescenzi and G. Gambosi and V. Kann and A. Marchetti-Spaccamela and M. Protasi},
  year = {1999}
}

@conference{ACONFERENCE9,
  author = {Conference author},
  title = {conference title},
  booktitle = {conference booktitle},
  year = {2010}
}

@inbook{ANINBOOK9,
   author = {inbook author},
   title = {inbook title},
   chapter = {inbook chapter},
   publisher = {inbook publisher},
   year = {2009}
}

@incollection{KH78,
  author = {B. Korte and D. Hausmann},
  title = {An analysis of the greedy heuristic for independence systems},
  booktitle = {Annals of Discrete Mathematics},
  publisher = {North-Holland},
  year = {1978},
  pages = {65-74},
  volume = {2}
}

@inproceedings{KH78a,
  booktitle = {Proceedings of STOC '78: the 10th Annual ACM Symposium on Theory of Computing},
  author = {D.G. Kirkpatrick and P. Hell},
  year = {1978},
  publisher = {ACM},
  pages = {240-245},
  title = {On the completeness of a generalized matching problem}
}

@manual{AMANUAL9,
  title = {manual title}
}

@mastersthesis{AMASTERTHESIS9,
  author = {masterthesis author},
  title = {masterthesis title},
  school = {masterthesis school},
  year = {2007}
}

@misc{MTAS07,
  key = {MTAS},
  title = {{\tt https://www.mtas.nhs.uk/round_info/53/match_fs.html} (MTAS website}
}

@phdthesis{APHDTHESIS9,
  author = {phdthesis author},
  title = {phdthesis title},
  school = {phdthesis school},
  year = {2008}
}

@proceedings{APROCEEDINGS9,
  title = {proceedings title},
  year = {2011}
}

@techreport{Man99,
  author = {D.F. Manlove},
  title = {Stable marriage with ties and unacceptable partners},
  institution = {University of Glasgow, Department of Computing Science},
  year = {1999},
  month = {January},
  number = {TR-1999-29}
}

@unpublished{McC06,
  author = {R.M. McCutcheon},
  title = {Least-unpopularity-factor matching},
  note = {Unpublished manuscript},
  year = {2006},
}
