@string{ipl = "Information Processing Letters"}
@string{dam = "Discrete Applied Mathematics"}
@string{dm = "Discrete Mathematics"}
@string{sjc = "SIAM Journal on Computing"}
@string{alg = "Algorithmica"}
@string{jacm = "Journal of the ACM"}
@string{cacm = "Communications of the ACM"}
@string{tcs = "Theoretical Computer Science"}
@string{sjam = "SIAM Journal on Applied Mathematics"}
@string{sjdm = "SIAM Journal on Discrete Mathematics"}
@string{jcss = "Journal of Computer and System Sciences"}
@string{ic = "Information and Computation"}
@string{jalgs = "Journal of Algorithms"}
@string{jgt = "Journal of Graph Theory"}
@string{talg = "ACM Transactions on Algorithms"}

@Article{AB03,
  author = 	 {A.A. Anwar and A.S. Bahaj},
  title = 	 {Student Project Allocation Using Integer Programming},
  journal = 	 {IEEE Transactions on Education},
  year = 	 {2003},
  volume = 	 {46},
  number = 	 {3},
  pages = 	 {359-367}
}

@article{ABLN77,
   author = {Y. Alavi and M. Behzad and L.M. Lesniak-Foster and E.A. Nordhaus},
   journal = {Journal of Graph Theory},
   pages = {135-140},
   title = {Total matchings and total coverings of graphs},
   volume = {1},
   year = {1977}
}

@inproceedings{ABM06,
   author = {D.J. Abraham and P. Bir\'o and D.F. Manlove},
   title = {``{A}lmost stable'' matchings in the {R}oommates problem},
   booktitle = {Proceedings of WAOA '05: the 3rd Workshop on Approximation and Online Algorithms},
   series = {Lecture Notes in Computer Science},
   volume = {3879},
   pages = {1-14},
   publisher = {Springer},
   year = {2006}
}

@article{ABN80,
   author = {Y. Alavi and M. Behzad and E.A. Nordhaus},
   journal = {Journal of Combinatorial Theory, Series B},
   pages = {180-183},
   title = {Minimal separating sets of maximum size},
   volume = {28},
   year = {1980}
}

@InProceedings{AC97,
  author = 	 {P. Alimonti and T. Calamoneri},
  title = 	 {Improved approximations of independent dominating set in bounded degree graphs},
  booktitle = 	 {Proceedings of WG '96: the 19th International Workshop on Graph-Theoretic Concepts in Computer Science},
  volume = 	 {1197},
  series = 	 {Lecture Notes in Computer Science},
  year = 	 {1997},
  publisher = {Springer},
  pages = 	 {2-16}
}

@Book{ACGKMP99,
  author = 	 {G. Ausiello and P. Crescenzi and G. Gambosi and V. Kann and A. Marchetti-Spaccamela and M. Protasi},
  title = 	 {Complexity and Approximation},
  publisher = 	 {Springer},
  year = 	 {1999}
}

@article{ACL99,
  author =	{B. Aldershof and O.M. Carducci and D.C. Lorenc},
  title = 	{Refined Inequalities for Stable Marriage},
  journal = {Constraints},
  year = 	 {1999},
  volume = 	 {4},
  pages = 	 {281-292},
}

@InProceedings{ACMM04,
  author = 	 {D.J. Abraham and K. Cechl\'arov\'a and D.F. Manlove and K. Mehlhorn},
  title = 	 {Pareto optimality in house allocation problems},
  booktitle = 	 {Proceedings of ISAAC 2004: the 15th Annual International Symposium on Algorithms and Computation},
  volume = 	 {3341},
  series = 	 {Lecture Notes in Computer Science},
  pages = 	 {3-15},
  publisher =    {Springer},
  year = 	 {2004}
}

@article{ACP95,
   author = {G. Ausiello and P. Crescenzi and M. Protasi},
   journal = tcs,
   pages = {1-55},
   title = {Approximate solution of {NP} optimization problems},
   volume = {150},
   year = {1995}
}

@article{ADP80,
   author = {G. Ausiello and A. D'Atri and M. Protasi},
   journal = jcss,
   pages = {136-153},
   title = {Structure preserving reductions among convex optimisation problems},
   volume = {21},
   year = {1980}
}

@Misc{AEMP07,
  author = 	 {E.M. Arkin and A. Efrat and J.S.B. Mitchell and V. Polishchuk},
  title = 	 {Geometric {S}table {R}oommates},
  howpublished = {Manuscript, 2007.  \verb+http://www.ams.sunysb.edu/~kotya/pages/geomSR.pdf+}
}

@Article{AHH93,
  author = 	 {E.M. Arkin and M.M. Halld\'orsson and R. Hassin},
  title = 	 {Approximating the tree and tour covers of a graph},
  journal = 	 ipl,
  year = 	 {1993},
  volume = 	 {47},
  pages = 	 {275-282}
}

@book{AHU74,
   author = {A.V. Aho and J.E. Hopcroft and J.D. Ullman},
   publisher = {Addison-Wesley},
   title = {The Design and Analysis of Computer Algorithms},
   year = {1974}
}

@book{AHU83,
   author = {A.V. Aho and J.E. Hopcroft and J.D. Ullman},
   journal = {Data structures and algorithms},
   publisher = {Addison-Wesley},
   title = {Data structures and algorithms},
   year = {1983}
}

@InProceedings{AIKM05,
  author = 	 {D.J. Abraham and R.W. Irving and T. Kavitha and K. Mehlhorn},
  title = 	 {Popular matchings},
  booktitle = 	 {Proceedings of SODA '05: the 16th ACM-SIAM Symposium on Discrete Algorithms},
  pages = 	 {424-432},
  year = 	 {2005},
  publisher = {ACM-SIAM}
}

@InProceedings{AIM03,
  author = 	 {D.J. Abraham and R.W. Irving and D.F. Manlove},
  title = 	 {The {S}tudent-{P}roject {A}llocation {P}roblem},
  booktitle = 	 {Proceedings of ISAAC 2003: the 14th Annual International Symposium on Algorithms and Computation},
  volume = 	 {2906},
  series = 	 {Lecture Notes in Computer Science},
  pages = 	 {474-484},
  publisher =    {Springer},
  year = 	 {2003}
}

@Article{AIM07,
  author = 	 {D.J. Abraham and R.W. Irving and D.F. Manlove},
  title = 	 {Two algorithms for the {S}tudent-{P}roject allocation problem},
  journal = 	 {Journal of Discrete Algorithms},
  volume =       {5},
  number =       {1},
  pages =        {79-91},
  year =         {2007}
}

@article{AK00,
   author = {P. Alimonti and V. Kann},
   title = {Some {APX}-completeness results for cubic graphs},
   journal = {Theoretical Computer Science},
   volume = {237},
   pages = {123-134},
   year = {2000}
}

@InProceedings{AK06,
  author =	"D.J. Abraham and T. Kavitha",
  title =	"Dynamic matching markets and voting paths",
  booktitle =	"Proceedings of SWAT 2006: the 10th Scandinavian Workshop on Algorithm Theory",
  publisher =	"Springer",
  volume =      "4059",
  pages =       "65-76",
  year = 	"2006",
  series =	"Lecture Notes in Computer Science"
}

@inproceedings{AK97,
   author = {P. Alimonti and V. Kann},
   booktitle = {Proceedings of the 3rd Italian Conference on Algorithms and Complexity},
   pages = {288-298},
   series = {Lecture Notes in Computer Science},
   title = {Hardness of approximating problems on cubic graphs},
   volume = {1203},
   year = {1997}
}

@incollection{AL97,
   author = {S. Arora and C. Lund},
   booktitle = {Approximation Algorithms for {NP}-hard problems},
   chapter = {10},
   editor = {D.S. Hochbaum},
   pages = {399-446},
   publisher = {PWS Publishing Company},
   title = {Hardness of Approximations},
   year = {1997}
}

@InProceedings{ALMO07,
  author = 	 {D.J. Abraham and A. Levavi and D.F. Manlove and G. O'Malley},
  title = 	 {The Stable Roommates Problem with Globally-Ranked Pairs},
  booktitle = 	 {Proceedings of WINE 2007: the 3rd International Workshop on Internet and Network Economics},
  pages = 	 {431-444},
  year = 	 {2007},
  volume = 	 {4858},
  series = 	 {Lecture Notes in Computer Science},
  publisher =    {Springer}
}

@inproceedings{ALMSS92,
   author = {S. Arora and C. Lund and R. Motwani and M. Sudan and M. Szegedy},
   booktitle = {Proceedings of FOCS'92: the 33rd Annual IEEE Symposium on Foundations of Computer Science},
   pages = {14-23},
   publisher = {IEEE Computer Society},
   title = {Proof verification and hardness of approximation problems},
   year = {1992}
}

@article{ALMSS98,
   author = {S. Arora and C. Lund and R. Motwani and M. Sudan and M. Szegedy},
   journal = jacm,
   number = {3},
   pages = {501-555},
   title = {Proof verification and the hardness of approximation problems},
   volume = {45},
   year = {1998}
}

@article{ALS91,
   author = {S. Arnborg and J. Lagergren and D. Seese},
   journal = jalgs,
   pages = {308-340},
   title = {Easy problems for tree-decomposable graphs},
   volume = {12},
   year = {1991}
}

@article{ALWZ92,
   author = {Y. Alavi and J. Liu and J. Wang and Z. Zhang},
   journal = dm,
   pages = {229-233},
   title = {On total covers of graphs},
   volume = {100},
   year = {1992}
}

@techreport{AM04,
  author = 	 {D.J. Abraham and D.F. Manlove},
  title = 	 {Pareto optimality in the {R}oommates problem},
  institution =  {University of Glasgow, Department of Computing Science},
  number = 	 {TR-2004-182},
  year = 	 {2004},
  month =        {December}
}

@article{AMP80,
   author = {G. Ausiello and A. Marchetti-Spaccamela and M. Protasi},
   journal = tcs,
   pages = {83-96},
   title = {Towards a unified approach for the classification of {NP}-complete optimization problems},
   volume = {12},
   year = {1980}
}

@article{AP89,
   author = {S. Arnborg and A. Proskurowski},
   journal = dam,
   pages = {11-24},
   title = {Linear time algorithms for {NP}-hard problems restricted to partial {\em k}-trees},
   volume = {23},
   year = {1989}
}

@article{AP95,
   author = {G. Ausiello and M. Protasi},
   journal = ipl,
   pages = {73-79},
   title = {Local search, reducibility and approximability of {NP}-optimization problems},
   volume = {54},
   year = {1995}
}

@article{APR05,
  author = 	 {A. Abdulkadiro\mbox{\v glu} and P.A. Pathak and A.E. Roth},
  title = 	 {The {N}ew {Y}ork {C}ity high school match},
  journal =      {American Economic Review},
  volume =       {95},
  issue =        {2},
  pages =        {364-367},
  year =         {2006}
}

@misc{APRS06,
  author = 	 {A. Abdulkadiro\mbox{\v glu} and P.A. Pathak and A.E. Roth and T. S\"onmez},
  title = 	 {Changing the {B}oston school-choice mechanism},
  howpublished = {NBER working paper 11965},
  year =         {2006}
}

@Article{AS03,
  author = 	 {A. Abdulkadiro\mbox{\v glu} and T. S\"onmez},
  title = 	 {School Choice: A Mechanism Design Approach},
  journal = 	 {American Economic Review},
  year = 	 {2003},
  volume = 	 {93},
  number =       {3},
  pages = 	 {729-747}
}

@inproceedings{AS92,
   author = {S. Arora and S. Safra},
   booktitle = {Proceedings of FOCS '92: the 33rd Annual IEEE Symposium on Foundations of Computer Science},
   pages = {2-13},
   publisher = {IEEE Computer Society},
   title = {Probabilistic checking of proofs; a new characterization of {NP}},
   year = {1992}
}

@article{AS98,
   author = {S. Arora and S. Safra},
   journal = jacm,
   number = {1},
   pages = {70-122},
   title = {Probabilistic checking of proofs: a new characterization of {NP}},
   volume = {45},
   year = {1998}
}

@Article{AS98a,
  author = 	 {A. Abdulkadiro\mbox{\v glu} and T. S\"onmez},
  title = 	 {Random serial dictatorship and the core from random endowments in house allocation problems},
  journal = 	 {Econometrica},
  year = 	 {1998},
  volume = 	 {66},
  number =       {3},
  pages = 	 {689-701}
}

@Article{AS99,
  author = 	 {A. Abdulkadiro\mbox{\v glu} and T. S\"onmez},
  title = 	 {House allocation with existing tenants},
  journal = 	 {Journal of Economic Theory},
  year = 	 {1999},
  volume = 	 {88},
  pages = 	 {233-260}
}

@article{AT92,
   author = {N. Alon and M. Tarsi},
   journal = {Combinatorica},
   number = {2},
   pages = {125-134},
   title = {Colorings and orientations of graphs},
   volume = {12},
   year = {1992}
}

@MastersThesis{Abr03,
  author = 	 {D.J. Abraham},
  title = 	 {Algorithmics of two-sided matching problems},
  school = 	 {University of Glasgow, Department of Computing Science},
  year = 	 {2003}
}

@Article{Alc95,
  author = 	 {J. Alcalde},
  title = 	 {Exchance-proofness or divorce-proofness?
{S}tability in one-sided matching markets},
  journal = 	 {Economic Design},
  year = 	 {1995},
  volume = 	 {1},
  pages = 	 {275-287}
}

@article{Alk88,
    author = "A. Alkan",
    title = "Non-existence of stable threesome matchings",
    journal = "Mathematical Social Sciences",
    volume = "16",
    pages = "207--209",
    year = "1988"
}

@InProceedings{BAM03,
  author = 	 {V. Bansal and A. Agrawal and V.S. Malhotra},
  title = 	 {Stable marriages with multiple partners: efficient search for an optimal solution},
  booktitle = 	 {Proceedings of ICALP '03: the 30th International Colloquium on Automata, Languages and Programming},
  pages = 	 {527-542},
  year = 	 {2003},
  volume = 	 {2719},
  series = 	 {Lecture Notes in Computer Science},
  publisher =    {Springer}
}

@Article{BB00,
  author = 	 {M. Ba\"{\i}ou and M. Balinski},
  title = 	 {Many-to-many matching: stable polyandrous polygamy (or polygamous polyandry)},
  journal = 	 dam,
  year = 	 {2000},
  volume = 	 {101},
  pages = 	 {1-12}
}

@article{BB04,
  author    = {M. Ba\"{\i}ou and M. Balinski},
  title     = {Student admissions and faculty recruitment},
  journal   = {Theoretical Computer Science},
  volume    = {322},
  number    = {2},
  year      = {2004},
  pages     = {245-265}
}

@Book{BB96,
  author = 	 {G. Brassard and P. Bratley},
  title = 	 {Fundamentals of Algorithmics},
  publisher = 	 {Prentice-Hall},
  year = 	 {1996},
}

@InProceedings{BBDM01,
  author = 	 {P. Barone and P. Bonizzoni and G. Della Vedova and G. Mauri},
  title = 	 {An approximation algorithm for the shortest common supersequence problem: an experimental analysis},
  booktitle = 	 {Proceedings of SAC 2001: the 2001 ACM Symposium on Applied Computing},
  pages = 	 {56-60},
  year = 	 {2001},
  publisher =    {ACM}
}

@incollection{BBS88,
   author = {D.W. Bange and A.E. Barkauskas and P.J. Slater},
   address = {Philadelphia},
   booktitle = {Applications of Discrete Mathematics},
   editor = {R.D. Ringeisen and F.S. Roberts},
   pages = {189-199},
   publisher = {SIAM},
   title = {Efficient dominating sets in graphs},
   year = {1988}
}

@article{BC79,
   author = {B. Bollob\'{a}s and E.J. Cockayne},
   journal = {Journal of Graph Theory},
   pages = {241-249},
   title = {Graph-theoretic parameters concerning domination, independence, and irredundance},
   volume = {3},
   year = {1979}
}

@book{BC94,
   author = {D.P. Bovet and P. Crescenzi},
   publisher = {Prentice Hall},
   title = {Introduction to the Theory of Complexity},
   year = {1994}
}

@article{BCD98,
   author = {A. Brandst\"{a}dt and V.D. Chepoi and F.F. Dragan},
   journal = dam,
   number = {1-3},
   pages = {43-77},
   title = {The algorithmic use of hypertree structure and maximum neighbourhood orderings},
   volume = {82},
   year = {1998}
}

@article{BCK95,
    author = "A.T. Benjamin and C. Converse and H.A. Krieger",
    title = "How do {I} marry thee? {L}et me count the ways",
    journal = "Discrete Applied Mathematics",
    volume = "59",
    pages = "285--292",
    year = "1995"}

@book{BCL79,
   author = {M. Behzad and G. Chartrand and L. Lesniak-Foster},
   publisher = {Prinder, Weber and Schmidt International Series},
   title = {Graphs and Digraphs},
   year = {1979}
}

@article{BCM90,
   author = {B. Bollob\'{a}s and E.J. Cockayne and C.M. Mynhardt},
   journal = dm,
   pages = {89-97},
   title = {On generalised minimal domination parameters for paths},
   volume = {86},
   year = {1990}
}

@article{BGJK04,
    author = "E. Boros and V. Gurvich and S. Jaslar and D. Krasner",
    title = "Stable matchings in three-sided systems with cyclic preferences",
    journal = "Discrete Mathematics",
    volume = "289",
    pages = "1--10",
    year = "2004"}

@inproceedings{BGS95,
   author = {M. Bellare and O. Goldreich and M. Sudan},
   booktitle = {Proceedings of FOCS '95: the 36th Annual IEEE Symposium on Foundations of Computer Science},
   pages = {422-431},
   publisher = {IEEE Computer Society},
   title = {Free bits, {PCP}s and non-approximability -- towards tight results},
   year = {1995}
}

@article{BGS98,
   author = {M. Bellare and O. Goldreich and M. Sudan},
   journal = sjc,
   number = {3},
   pages = {804-915},
   title = {Free bits, {PCP}s, and nonapproximability -- towards tight results},
   volume = {27},
   year = {1998}
}

@article{BH77,
   author = {L. Berman and J. Hartmanis},
   journal = sjc,
   pages = {305-322},
   title = {On isomorphism and density of {NP} and other complete sets},
   volume = {6},
   year = {1977}
}

@Misc{BHHLW05,
  author = 	 {J.R.S. Blair and S.M. Hedetniemi and S.T. Hedetniemi and R.C. Laskar and H.B. Walikar},
  title = 	 {Generalized vertex covers in graphs},
  howpublished = {Submitted to \emph{Journal of Graph Theory}}
}

@article{BJ82,
   author = {K.S. Booth and J.H. Johnson},
   journal = sjc,
   number = {1},
   pages = {191-199},
   title = {Dominating Sets in Chordal Graphs},
   volume = {11},
   year = {1982}
}

@inproceedings{BJY89,
   author = {D. Bruschi and D. Joseph and P. Young},
   booktitle = {Proceedings of the 2nd International Symposium on Optimal Algorithms},
   pages = {205-231},
   publisher = {Springer},
   series = {Lecture Notes in Computer Science},
   title = {A Structural Overview of {NP} Optimization Problems},
   volume = {401},
   year = {1989}
}

@inproceedings{BK85,
   author = {A. Brandst\"{a}dt and D. Kratsch},
   booktitle = {Proceedings of the International Conference on Fundamentals of Computation Theory},
   pages = {53-62},
   publisher = {Springer},
   series = {Lecture Notes in Computer Science},
   title = {On the restriction of some {NP}-complete graph problems to permutation graphs},
   volume = {199},
   year = {1985}
}

@article{BK87,
   author = {A. Brandst\"{a}dt and D. Kratsch},
   journal = tcs,
   pages = {181-198},
   title = {On domination problems for permutation and other graphs},
   volume = {54},
   year = {1987}
}

@InProceedings{BK99,
  author = 	 {P. Berman and M. Karpinski},
  title = 	 {On some tighter inapproximability results},
  booktitle = 	 {Proceedings of ICALP '99: the 26th International
Colloquium on Automata, Languages, and Programming},
  volume =  	 {1644},
  series = 	 {Lecture Notes in Computer Science},
  year = 	 {1999},
  publisher =    {Springer},
  pages = 	 {200-209}
}

@inproceedings{BKKM97,
   author = {H.J. Broersma and T. Kloks and D. Kratsch and H. M\"{u}ller},
   booktitle = {Proceedings of ICALP '97: the 24th International Colloquium on Automata, Languages and Programming},
   pages = {760-770},
   publisher = {Springer},
   series = {Lecture Notes in Computer Science},
   title = {Independent sets in asteroidal triple-free graphs},
   volume = {1256},
   year = {1997}
}

@Misc{BKS03,
  author = 	 {P. Berman and M. Karpinski and Alexander D. Scott},
  title = 	 {Approximation hardness of short symmetric instances of {MAX-3SAT}},
  howpublished = {Electronic Colloquium on Computational Complexity Report, number 49},
  year = 	 {2003},
}


@Article{BLV03,
  author = 	 {A. Brandst\"{a}dt and H.-O. Le and J.-M. Vanherpe},
  title = 	 {Structure and stability number of chair-, co-{P}- and gem-free graphs revisited},
  journal = 	 ipl,
  year = 	 {2003},
  volume = 	 {86},
  pages = 	 {161-167}
}

@article{BLW87,
   author = {M.W. Bern and E.L. Lawler and A.L. Wong},
   journal = jalgs,
   number = {2},
   pages = {216-235},
   title = {Linear-time computation of optimal subgraphs of decomposable graphs},
   volume = {8},
   year = {1987}
}

@InProceedings{BM05,
  author =       {I. Brito and P. Meseguer},
  title = 	 {Distributed stable matching problems},
  booktitle = 	 {Proceedings of CP '05: the 11th International Conference on Principles and Practice of Constraint Programming},
  volume = 	 {3705},
  series = 	 {Lecture Notes in Computer Science},
  pages =        {152-166},
  publisher =    {Springer},
  year = 	 {2005}
}

@InProceedings{BM06,
  author =       {I. Brito and P. Meseguer},
  title = 	 {Distributed stable matching problems with ties and incomplete lists},
  booktitle = 	 {Proceedings of CP '06: the 12th International Conference on Principles and Practice of Constraint Programming},
  volume = 	 {4204},
  series = 	 {Lecture Notes in Computer Science},
  pages =        {675-679},
  publisher =    {Springer},
  year = 	 {2006}
}

@inproceedings{BPHM77,
   author = {T. Beyer and A. Proskurowski and S.T. Hedetniemi and S. Mitchell},
   booktitle = {Proceedings of the 8th South-Eastern Conference on Combinatorics, Graph Theory and Computing},
   pages = {321-328},
   publisher = {Utilitas Mathematica},
   title = {Independent domination in trees},
   year = {1977}
}

@inproceedings{BR97,
  author = {C. Bessi\`ere and J.-C. R\'egin},
  title = {Arc Consistency for General Constraint Networks: Preliminary Results},
  booktitle = {Proceedings of IJCAI '97: the Fifteenth International Joint 
  Conference on Artificial Intelligence},
  publisher = {Morgan Kaufmann},
  volume = {1},
  pages = {398-404},
  year = {1997}
}

@article{Bak94,
   author = {B.S. Baker},
   journal = jacm,
   number = {1},
   pages = {153-180},
   title = {Approximation algorithms for {NP}-complete problems on planar graphs},
   volume = {41},
   year = {1994}
}

@book{Ber62,
   author = {C. Berge},
   publisher = {Methuen},
   title = {The Theory of Graphs and its Applications},
   year = {1962}
}

@article{Ber72,
   author = {C. Berge},
   journal = {Mathematical Programming},
   pages = {19-31},
   title = {Balanced matrices},
   volume = {2},
   year = {1972}
}

@book{Ber73,
   author = {C. Berge},
   publisher = {North-Holland},
   title = {Graphs and Hypergraphs},
   year = {1973}
}

@InCollection{Ber79,
  author = 	 {J.-C. Bermond},
  title = 	 {Graceful graphs, radio antennae and {F}rench windmills},
  booktitle = 	 {Graph Theory and Combinatorics},
  publisher = {Pitman},
  year = 	 {1979},
  editor = 	 {R.J. Wilson},
  volume = 	 {34},
  series = 	 {Research Notes in Mathematics},
  pages = 	 {18-37}
}

@article{Ber84,
   author = {A.A. Bertossi},
   journal = ipl,
   pages = {37-40},
   title = {Dominating Sets for Split and Bipartite Graphs},
   volume = {19},
   year = {1984}
}

@Misc{Bla01,
  author = 	 {J.R.S. Blair},
  howpublished = {Personal communication},
  year = 	 {2001}
}

@Article{Bla88,
  author = 	 {C. Blair},
  title = 	 {The lattice structure of the set of stable matchings with multiple partners},
  journal = 	 {Mathematics of Operations Research},
  year = 	 {1988},
  volume = 	 {13},
  number = 	 {4},
  pages = 	 {619-628}
}

@InCollection{Blo79,
  author = 	 {G.S. Bloom},
  title = 	 {A chronology of the {R}ingel-{K}otzig conjecture and the continuing quest to call all trees graceful},
  booktitle = 	 {Topics in Graph Theory},
  year = 	 {1979},
  editor = 	 {F. Harary},
  volume = 	 {328},
  series = 	 {Annals of the New York Academy of Sciences},
  pages = 	 {32-51}
}

@article{Bod89,
   author = {H.L. Bodlaender},
   journal = ipl,
   pages = {135-138},
   title = {Achromatic number is {NP}-complete for cographs and interval graphs},
   volume = {31},
   year = {1989}
}

@misc{Bos05,
   key = {Boston},
   title = {{\tt http://www.bostonpublicschools.org/assignment/}
            (Boston Public Schools website}
}

@Article{Bro00,
  author = 	 {M. Brooks},
  title = 	 {What's love got to do with it?},
  journal = 	 {New Scientist},
  year = 	 {28th October 2000},
  volume = 	 {168},
  number = 	 {2262},
  pages = 	 {38-41} 
}

@misc{CARMS,
   key = {Carms},
   title = {{\tt http://www.carms.ca/jsp/main.jsp}
            ({C}anadian {R}esident {M}atching {S}ervice website)}
}

@inproceedings{CC03,
  author = 	 {M. Chleb\'{\i}k and J. Chleb\'{\i}kov\'{a}},
  title = 	 {Inapproximability results for bounded variants of optimization problems},
  booktitle = 	 {Proceedings of FCT 2003: the 14th International Symposium on Fundamentals of Computation Theory},
  volume =  	 {2751},
  series = 	 {Lecture Notes in Computer Science},
  year = 	 {2003},
  publisher =    {Springer},
  pages = 	 {27-38}
}

@inproceedings{CC04,
  author = {M. Chleb\'{\i}k and J. Chleb\'{\i}kov\'{a}},
  title = {Approximation hardness of dominating set problems},
  booktitle = {Proceedings of ESA '04: the Twelfth Annual European Symposium on Algorithms},
  pages = {192-203},
  publisher = {Springer},
  series = {Lecture Notes in Computer Science},
  volume = {3221},
  year = {2004}
}

@article{CC06,
  author = 	 {M. Chleb\'{\i}k and J. Chleb\'{\i}kov\'{a}},
  title = 	 {Complexity of approximating bounded variants of optimization problems},
  journal =      tcs,
  volume =  	 {354},
  number =       {3},
  pages = 	 {320-338},
  year = 	 {2006}
}

@article{CC96,
   author = {L.Z. Cai and D. Corneil},
   journal = {Journal of Graph Theory},
   number = {1},
   pages = {87-103},
   title = {A generalization of perfect graphs -- $i$-perfect graphs},
   volume = {23},
   year = {1996}
}

@article{CDH80,
   author = {E.J. Cockayne and R.M. Dawes and S.T. Hedetniemi},
   journal = {Networks},
   pages = {211-219},
   title = {Total domination in graphs},
   volume = {10},
   year = {1980}
}

@article{CE97,
   author = {N. Cairnie and K. Edwards},
   journal = {Journal of Graph Theory},
   pages = {129-136},
   title = {Some results on the achromatic number},
   volume = {26},
   year = {1997}
}

@TechReport{CF03,
  author = 	 {K. Cechl\'{a}rov\'{a} and T. Fleiner},
  title = 	 {On a generalization of the stable roommates problem},
  institution =  {Egerv\'{a}ry Research Group on Combinatorial Optimization},
  year = 	 {2003},
  number = 	 {2003-03}
}

@Article{CF04,
  author = 	 {K. Cechl\'{a}rov\'{a} and S. Ferkov\'{a}},
  title = 	 {The stable crews problem},
  journal = 	 dam,
  volume =       {140},
  number =       {1-3},
  pages =        {1-17},
  year = 	 {2004}
}

@Article{CF05,
  author = 	 {K. Cechl\'{a}rov\'{a} and T. Fleiner},
  title = 	 {On a generalization of the stable roommates problem},
  journal = 	 talg,
  year = 	 {2005},
  volume = 	 {1},
  number = 	 {1},
  pages = 	 {143-156}
}

@article{CF94,
   author = {G.A. Cheston and G. Fricke},
   journal = dam,
   pages = {241-258},
   title = {Classes of graphs for which upper fractional domination equals independence, upper domination, and upper irredundance},
   volume = {55},
   year = {1994}
}

@article{CFHJ90,
   author = {G.A. Cheston and G. Fricke and S.T. Hedetniemi and D.P. Jacobs},
   journal = dam,
   pages = {195-207},
   title = {On the Computational Complexity of Upper Fractional Domination},
   volume = {27},
   year = {1990}
}

@inproceedings{CFKX05,
  AUTHOR = "J. Chen and H. Fernau and I.~A. Kanj and G. Xia",
  TITLE = "Parametric Duality and Kernelization: Lower Bounds and Upper Bounds on Kernel Size",
  BOOKTITLE = "Proceedings of STACS 2005: the 22nd Annual Symposium on Theoretical Aspects of 
               Computer Science",
  YEAR = 2005,
  volume = "3404",
  series = "Lecture Notes in Computer Science",
  pages = "269-280",
  publisher = "Springer"
}

@article{CFLM91,
   author = {E.J. Cockayne and O. Favaron and H. Li and G. MacGillivray},
   journal = dm,
   pages = {313-317},
   title = {The product of the independent domination numbers of a graph and its complement},
   volume = {90},
   year = {1991}
}

@InProceedings{CFM05,
  author = 	 {K. Cechl\'arov\'a and T. Fleiner and D. Manlove},
  title = 	 {The kidney exchange game},
  booktitle = 	 {Proceedings of SOR '05: the 8th International Symposium on Operations Research in Slovenia},
  year = 	 {2005},
  pages =        {77-83},
  note = {IM Preprint series A, no.\ 5/2005, PJ \v{S}af\'arik University, Faculty of Science, Institute of Mathematics},
}

@article{CFM95,
   author = {E.J. Cockayne and G. Fricke and C.M. Mynhardt},
   journal = dm,
   pages = {199-205},
   title = {On a {N}ordhaus-{G}addum type problem for independent domination},
   volume = {138},
   year = {1995}
}

@article{CFM96,
   author = {E.J. Cockayne and O. Favaron and C.M. Mynhardt},
   journal = dm,
   pages = {57-68},
   title = {Universal maximal packing functions of graphs},
   volume = {159},
   year = {1996}
}

@article{CFPT81,
   author = {E.J. Cockayne and O. Favaron and C. Payan and A.G. Thomason},
   journal = dm,
   pages = {249-258},
   title = {Contributions to the Theory of Domination, Independence and Irredundance in Graphs},
   volume = {33},
   year = {1981}
}

@article{CFT93,
   author = {G.J. Chang and M. Farber and Z. Tuza},
   journal = sjdm,
   number = {1},
   pages = {24-29},
   title = {Algorithmic aspects of neighborhood numbers},
   volume = {6},
   year = {1993}
}

@article{CGH75,
   author = {E.J. Cockayne and S.E. Goodman and S.T. Hedetniemi},
   journal = ipl,
   pages = {41-44},
   title = {A linear algorithm for the domination number of a tree},
   volume = {4},
   year = {1975}
}

@incollection{CGJ84,
   author = {E.G. {Coffman, Jr.} and M.R. Garey and D.S. Johnson},
   booktitle = {Algorithm Design for Computer System Design},
   pages = {49-106},
   publisher = {Springer},
   title = {Approximation algorithms for bin-packing - an update survey},
   year = {1984}
}

@Article{CH03,
  author = 	 {K. Cechl\'{a}rov\'{a} and J. Hajdukov\'{a}},
  title = 	 {Stable partitions with \mbox{$\mathcal W$}-preferences},
  journal = 	 dam,
  volume =       138,
  pages =        {333-347}, 
  year = 	 {2003}
}

@inproceedings{CH74,
   author = {E.J. Cockayne and S.T. Hedetniemi},
   booktitle = {Proceedings of the 5th South-Eastern Conference on Combinatorics, Graph Theory and Computing},
   pages = {471-491},
   publisher = {Utilitas Mathematica},
   title = {Independence graphs},
   year = {1974}
}

@article{CHL88,
   author = {E.J. Cockayne and S.T. Hedetniemi and R. Laskar},
   journal = dm,
   pages = {35-47},
   title = {Gallai theorems for graphs, hypergraphs and set systems},
   volume = {72},
   year = {1988}
}

@article{CHM78,
   author = {E.J. Cockayne and S.T. Hedetniemi and D.J. Miller},
   journal = {Canadian Mathematical Bulletin},
   pages = {461-468},
   title = {Properties of Hereditary Hypergraphs and Middle Graphs},
   volume = {21},
   year = {1978}
}

@Article{CIM04,
  author = 	 {K. Cechl\'arov\'a and R.W. Irving and D.F. Manlove},
  title = 	 {Stability in labour market games},
  journal = 	 {ERCIM News},
  year = 	 {2004},
  volume = 	 {57},
  pages = 	 {27-28}
}

@techreport{CK95,
   author = {P. Crescenzi and V. Kann},
   howpublished = {{\tt http://www.nada.kth.se/$\sim$viggo/problemlist/compendium.html}},
   institution = {Universit\`{a} di Roma ``La Sapienza", Dipartimento di Scienze dell'Informazione},
   note = {Lastest version available at {\tt http://www.nada.kth.se/theory/problemlist.html}},
   number = {SI/RR-95/02},
   title = {A compendium of {NP} optimization problems},
   year = {1995}
}

@book{CL86,
   author = {G. Chartrand and L. Lesniak},
   address = {Monterey, CA},
   publisher = {Wadsworth},
   title = {Graphs and Digraphs},
   year = {1986}
}

@book{CLR90,
   author = {T.H. Cormen and C.E. Leiserson and R.L. Rivest},
   publisher = {McGraw-Hill/MIT},
   title = {Introduction to Algorithms},
   year = {1990}
}

@TechReport{CM03,
  author = 	 {K. Cechl\'{a}rov\'{a} and D.F. Manlove},
  title = 	 {The {E}xchange-{S}table {M}arriage {P}roblem},
  institution =  {University of Glasgow, Department of Computing Science},
  year = 	 {2003},
  number = 	 {TR-2003-142},
  month = 	 {September}
}

@article{CM05,
  author = 	 {K. Cechl\'{a}rov\'{a} and D.F. Manlove},
  title = 	 {The {E}xchange-{S}table {M}arriage {P}roblem},
  volume =       {152},
  number =       {1-3},
  pages =        {109-122},
  journal  =     dam,
  year = 	 {2005}
}

@article{CM89,
   author = {E.J. Cockayne and C.M. Mynhardt},
   journal = dm,
   pages = {76},
   title = {On the product of upper irredundance numbers of a graph and its complement},
   volume = {117-121},
   year = {1989}
}

@article{CM90,
   author = {E.J. Cockayne and C.M. Mynhardt},
   journal = {Journal of Combinatorial Mathematics and Combinatorial Computing},
   pages = {118-122},
   title = {On the product of $k$-minimal domination numbers of a graph and its complement},
   volume = {8},
   year = {1990}
}

@article{CM92,
   author = {E.J. Cockayne and C.M. Mynhardt},
   journal = {Ars Combinatoria},
   pages = {257-275},
   title = {Domination sequences of graphs},
   volume = {33},
   year = {1992}
}

@article{CM93,
   author = {E.J. Cockayne and C.M. Mynhardt},
   journal = dm,
   pages = {89-102},
   title = {The Sequence of Upper and Lower Domination, Independence and Irredundance Numbers of a Graph},
   volume = {122},
   year = {1993}
}

@article{CM94,
   author = {G. Chartrand and J. McCanna},
   journal = {Ars Combinatoria},
   pages = {191-208},
   title = {The induced path number of bipartite graphs},
   volume = {37},
   year = {1994}
}

@article{CMM90,
   author = {E.J. Cockayne and G. MacGillivray and C.M. Mynhardt},
   journal = {Quaestiones Mathematicae},
   pages = {123-139},
   title = {Generalised maximal independence parameters for paths and cycles},
   volume = {13},
   year = {1990}
}

@article{CN84,
   author = {G.J. Chang and G.L. Nemhauser},
   journal = {SIAM Journal on Algebraic and Discrete Methods},
   number = {3},
   pages = {332-345},
   title = {The $k$-domination and $k$-stability problems on sun-free chordal graphs},
   volume = {5},
   year = {1984}
}

@article{CP84,
   author = {D.G. Corneil and Y. Perl},
   journal = dam,
   number = {1},
   pages = {27-39},
   title = {Clustering and domination in perfect graphs},
   volume = {9},
   year = {1984}
}

@article{CP91,
   author = {P. Crescenzi and A. Panconesi},
   journal = ic,
   pages = {241-262},
   title = {Completeness in approximation classes},
   volume = {93},
   year = {1991}
}

@book{CR94,
   author = {M. Crochemore and W. Rytter},
   publisher = {Oxford University Press},
   title = {Text Algorithms},
   year = {1994}
}

@article{CS74,
   author = {G. Chartrand and S. Schuster},
   journal = {Transactions of the New York Academy of Science (2)},
   pages = {247-251},
   title = {On the independence numbers of complementary graphs},
   volume = {36},
   year = {1974}
}

@article{CS79,
   author = {C.A. Christen and S.M. Selkow},
   journal = {Journal of Combinatorial Theory, Series B},
   pages = {49-59},
   title = {Some perfect coloring properties of graphs},
   volume = {27},
   year = {1979}
}

@article{CS90,
   author = {D.G. Corneil and L.K. Stewart},
   journal = dm,
   pages = {145-164},
   title = {Dominating sets in perfect graphs},
   volume = {86},
   year = {1990}
}

@Article{CST03,
  author = 	 {K. Cameron and R. Sritharan and Y. Tang},
  title = 	 {Finding a maximum induced matching in weakly chordal graphs},
  journal = 	 dm,
  year = 	 {2003},
  volume =       {266},
  pages = 	 {133-142}
}

@inproceedings{CV96,
   author = {A. Chaudhary and S. Vishwanathan},
   booktitle = {Proceedings of SODA '97: the 8th ACM-SIAM Symposium on Discrete Algorithms},
   pages = {557-562},
   publisher = {ACM-SIAM},
   title = {Approximation algorithms for the achromatic number},
   year = {1997}
}

@Article{Cah95,
  author = 	 {I. Cahit},
  title = 	 {Equitable tree labellings},
  journal = 	 {Ars Combinatoria},
  year = 	 {1995},
  volume = 	 {40},
  pages = 	 {279-286}
}

@Article{Cam04,
  author = 	 {K. Cameron},
  title = 	 {Induced matchings in intersection graphs},
  journal = 	 dm,
  year = 	 2004,
  volume = 	 {278},
  issue =        {1-3},
  pages =        {1-9}
}

@Article{Cam89,
  author = 	 {K. Cameron},
  title = 	 {Induced Matchings},
  journal = 	 dam,
  year = 	 1989,
  volume = 	 {24},
  pages = 	 {97-102},
}

@misc{Car99,
   author = {{Canadian Resident Matching Service}},
   howpublished = {Web document available at {\tt http://www.carms.ca/matching/algorith.htm}},
   title = {How the matching algorithm works}
}

@Article{Cec02,
  author = 	 {K. Cechl\'{a}rov\'{a}},
  title = 	 {On the complexity of exchange-stable roommates},
  journal = 	 dam,
  volume =       {116},
  number =       {3},
  pages =        {279-287},
  year = 	 {2002}
}

@article{Ces03,
	AUTHOR = "M. Cesati",
	TITLE = "The {T}uring way to parameterized complexity",
	JOURNAL = jcss,
	YEAR = 2003,
	volume = 67,
	pages = "654--685"
}

@Article{Cha03,
  author = 	 {J.-M. Chang},
  title = 	 {Induced matchings in asteroidal triple-free graphs},
  journal = 	 dam,
  year = 	 {2003},
  volume = 	 {132},
  pages = 	 {67-78}
}

@article{Cha88,
   author = {G.J. Chang},
   journal = dam,
   pages = {21-34},
   title = {Labelling algorithms for domination problems in sun-free chordal graphs},
   volume = {22},
   year = {1988/89}
}

@article{Cha98,
   author = {M.S. Chang},
   journal = sjc,
   number = {6},
   pages = {1671-1694},
   title = {Efficient algorithms for the domination problems on interval and circular-arc graphs},
   volume = {27},
   year = {1998}
}

@Article{Chu00,
  author = 	 {K.S. Chung},
  title = 	 {On the Existence of Stable Roommate Matchings},
  journal = 	 {Games and Economic Behavior},
  year = 	 {2000},
  volume = 	 {33},
  number = 	 {2},
  pages = 	 {206-230}
}

@inproceedings{Coo71,
   author = {S.A. Cook},
   booktitle = {Proceedings of STOC '71: the 3rd Annual ACM Symposium on the Theory of Computing},
   pages = {151-158},
   publisher = {ACM},
   title = {The complexity of theorem-proving procedures},
   year = {1971}
}

@InProceedings{Cre97,
  author =       {P. Crescenzi},
  title =        {A short guide to approximation preserving
                  reductions},
  booktitle =    {Proceedings of CCC '97: the 12th Annual IEEE Conference on
                  Computational Complexity},
  pages =        {262-273},
  year =         1997,
  address =      {Ulm},
  publisher  =   {IEEE Computer Society}
}

@article{DDL62,
  author = {M. Davis and G. Logemann and D. Loveland},
  title = {A machine program for theorem-proving},
  journal = {Communications of the ACM},
  volume = 5,
  pages = {394-397}, 
  year = 1962
}

@Article{DF83,
  author = 	 {M. Deza and P. Frankl},
  title = 	 {Erd\"os-{K}o-{R}ado Theorem -- 22 years later},
  journal = 	 {SIAM Journal of Algebraic and Discrete Methods},
  year = 	 {1983},
  volume = 	 {4},
  number = 	 {4},
  pages = 	 {419-431}
}

@article{DF86,
   author = {M.E. Dyer and A.M. Frieze},
   journal = jalgs,
   pages = {174-184},
   title = {Planar {3DM} is {NP}-complete},
   volume = {7},
   year = {1986}
}

@inproceedings{DF97,
   author = {R. Duh and M. F\"urer},
   title = {Approximation of $k$-set cover by semi-local optimization},
   booktitle = {Proceedings of STOC '97: the 29th Annual ACM Symposium on Theory of Computing},
   pages = {256-264},
   publisher = {ACM},
   year = {1997}
}

@Article{DFFS03,
  author = 	 {V.M.F. Dias and G.D. da Fonseca and C.M.H. de Figueiredo and J.L. Szwarcfiter},
  title = 	 {The stable marriage problem with restricted pairs},
  journal = 	 tcs,
  year = 	 {2003},
  volume = 	 {306},
  number =       {1-3},
  pages = 	 {391-405}
}

@article{DGHMH96,
   author = {J. Dunbar and W. Goddard and S. Hedetniemi and A. McRae and M. Henning},
   journal = dam,
   pages = {73-84},
   title = {The algorithmic complexity of minus domination in graphs},
   volume = {68},
   year = {1996}
}

@Article{DHHJKLR00,
  author = 	 {J.E. Dunbar and S.M. Hedetniemi and S.T. Hedetniemi and D.P. Jacobs and J. Knisely and R.C. Laskar and D.F. Rall},
  title = 	 {Fall colorings of graphs},
  journal = 	 {Journal of Combinatorial Mathematics and Combinatorial Computing},
  year = 	 {2000},
  volume = 	 {33},
  pages = 	 {257-273}
}

@inproceedings{DGI06,
    author = "B.C. Dean and M.X. Goemans and N. Immorlica",
    title = "The unsplittable stable marriage problem",
    booktitle = {Proceedings of IFIP TCS 2006},
    publisher = {Springer},
    year = {2006}
}

@article{DHHHML95,
   author = {J.E. Dunbar and Harris, Jr, F.C. and S.M. Hedetniemi and S.T. Hedetniemi and A.A. McRae and R.C. Laskar},
   journal = dm,
   pages = {229-246},
   title = {Nearly perfect sets in graphs},
   volume = {138},
   year = {1995}
}

@article{DHL88,
   author = {G.S. Domke and S.T. Hedetniemi and R.C. Laskar},
   journal = {Congressus Numerantium},
   pages = {227-238},
   title = {Fractional packings, coverings and irredundance in graphs},
   volume = {66},
   year = {1988}
}

@article{DHLA88,
   author = {G.S. Domke and S. Hedetniemi and R. Laskar and R. Allan},
   journal = {Congressus Numerantium},
   pages = {259-270},
   title = {Generalized packings and coverings of graphs},
   volume = {62},
   year = {1988}
}

@incollection{DHLF91,
   author = {G.S. Domke and S.T. Hedetniemi and R.C. Laskar and G. Fricke},
   booktitle = {Graph Theory, Combinatorics and Applications},
   editor = {Y. Alavi and G. Chartrand and O.R. Oellerman and A.J. Schwenk},
   pages = {371-387},
   publisher = {John Wiley and Sons},
   title = {Relationships between integer and fractional parameters of graphs},
   year = {1991}
}

@article{DJPSY94,
  author    =  {E. Dahlhaus and D.S. Johnson and C.H. Papadimitriou and 
                P.D. Seymour and M. Yannakakis},
  title     =  {The Complexity of Multiterminal Cuts},
  journal   =  sjc,
  volume    =  {23},
  number    =  {4},
  year      =  {1994},
  pages     =  {864-894}
}

@TechReport{DMZ00,
  author = 	 {W. Duckworth and D. Manlove and M. Zito},
  title = 	 {On the approximability of the maximum induced matching problem},
  institution =  {University of Glasgow, Department of Computing Science},
  year = 	 {2000},
  number = 	 {TR-2000-56},
  month = 	 {April}
}

@Article{DMZ05,
  author = 	 {W. Duckworth and D.F. Manlove and M. Zito},
  title = 	 {On the approximability of the maximum induced matching problem},
  journal = 	 {Journal of Discrete Algorithms},
  volume =       {3},
  number =       {1},
  pages =        {79-91},
  year = 	 {2005}
}

@article{DN66,
   author = {D.E. Daykin and C.P. Ng},
   journal = {Journal of the Australasian Mathematical Society},
   pages = {89-100},
   title = {Algorithms for generalized stability numbers of tree graphs},
   volume = {6},
   year = {1966}
}

@article{DP95,
   author = {V. Dan\u{c}\'{i}k and M. Paterson},
   journal = {Random Structures and Algorithms},
   number = {4},
   pages = {449-458},
   title = {Upper-bounds for the expected length of a longest common subsequence of 2 binary sequences},
   volume = {6},
   year = {1995}
}

@InProceedings{DP99,
  author = 	 {M. Damian-Iordache and S.V. Pemmaraju},
  title = 	 {Hardness of approximating independent domination
in circle graphs},
  booktitle = 	 {Proceedings of ISAAC '99: the 10th International
Symposium on Algorithms and Computation},
  volume = 	 {1741},
  series = 	 {Lecture Notes in Computer Science},
  year = 	 {1999},
  publisher = {Springer},
  pages = 	 {56-69}
}

@inproceedings{DPS02,
   author = {X. Deng and C. Papadimitriou and S. Safra},
   booktitle = {Proceedings of STOC '02: the 34th Annual ACM Symposium on Theory of Computing},
   pages = {67-71},
   publisher = {ACM},
   title = {On the complexity of equilibria},
   year = {2002}
}

@inproceedings{DS02,
   author = {I. Dinur and S. Safra},
   title = {The importance of being biased},
   booktitle = {Proceedings of STOC '02: the 34th Annual ACM Symposium on Theory of Computing},
   pages = {33-42},
   publisher = {ACM},
   year = {2002}
}

@Article{DS06,
  author = 	 {I. Dinur and S. Safra},
  title = 	 {On the hardness of approximating minimum vertex cover},
  journal = 	 {Annals of Mathematics},
  year = 	 {2005},
  volume = 	 {162},
  number = 	 {1},
  pages = 	 {439-485}
}

@Article{DW72,
  author = 	 {S. E. Dreyfus and R. A. Wagner},
  title = 	 {The {S}teiner problem in graphs},
  journal = 	 {Networks},
  year = 	 {1972},
  volume = 	 {1},
  pages = 	 {195-207}
}


@Article{DWZ00,
  author = 	 {W. Duckworth and N.C. Wormald and M. Zito},
  title = 	 {A {PTAS} for the sparsest 2-spanner of 4-connected planar triangulations},
  journal = 	 {Journal of Discrete Algorithms},
  year =         {2003},
  volume =       {1},
  number =       {1},
  pages =        {67-76}
}

@InProceedings{Dam04,
  author = 	 {P. Damaschke},
  title = 	 {Parameterized Enumeration, Transversals, and Imperfect Phylogeny Reconstruction},
  booktitle = 	 {Proceedings of IWPEC 2004: the 1st International Workshop on Parameterized and Exact Computation},
  pages = 	 {1-12},
  year = 	 {2004},
  volume = 	 {3162},
  series    =    {Lecture Notes in Computer Science},
  publisher =    {Springer}
}

@article{Dam06,
  author = 	 {P. Damaschke},
  title = 	 {Parameterized Enumeration, Transversals, and Imperfect Phylogeny Reconstruction},
  journal =      tcs,
  pages = 	 {337-350},
  year = 	 {2006},
  volume = 	 {351}
}

@article{Dan02,
    author = "V.I. Danilov",
    title = "Existence of stable matchings in some three-sided systems",
    journal = "Mathematical Social Sciences",
    volume = "46",
    pages = "145--148",
    year = "2003"
}

@article{Dek79,
   author = {J.G. Deken},
   journal = {Discrete Mathematics},
   pages = {17-31},
   title = {Some limit results for longest common subsequences},
   volume = {26},
   year = {1979}
}

@Article{Dil50,
  author = 	 {R.P. Dilworth},
  title = 	 {A decomposition theorem for partially ordered sets},
  journal = 	 {Annals of Mathematics},
  year = 	 {1950},
  volume = 	 {51},
  number = 	 {1},
  pages = 	 {161-166},
}

@article{Dre82,
   author = {Z. Drezner},
   journal = {Mathematical Programming},
   pages = {227-230},
   title = {On minimax optimization problems},
   volume = {22},
   year = {1982}
}

@Misc{Dye01,
  author = 	 {J. Dye},
  title = 	 {A constraint logic programming approach to the stable marriage problem and its application to student-project allocation},
  howpublished = {BSc Honours project report, University of York, Department of Computer Science},
  year = 	 {2001}
}

@InProceedings{EFT03,
  author = 	 {A. Eguchi and S. Fujishige and A. Tamura},
  title = 	 {A Generalized {G}ale-{S}hapley algorithm for a discrete-concave stable marriage model},
  booktitle = 	 {Proceedings of ISAAC 2003: the 14th Annual International Symposium on Algorithms and Computation},
  volume = 	 {2906},
  series = 	 {Lecture Notes in Computer Science},
  pages = 	 {495-504},
  publisher =    {Springer},
  year = 	 {2003}
}

@article{EHHL87,
   author = {P. Erd\"{o}s and W.R. Hare and S.T. Hedetniemi and R.C. Laskar},
   journal = {Journal of Graph Theory},
   number = {2},
   pages = {157-159},
   title = {On the equality of the {G}rundy and ochromatic numbers of a graph},
   volume = {11},
   year = {1987}
}

@article{EIS75,
  author = 	 {S. Even and A. Itai and A. Shamir},
  title = 	 {On the complexity of timetable and multicommodity flow problems},
  journal = 	 sjc,
  year = 	 {1975},
  volume = 	 {5},
  number = 	 {4},
  pages = 	 {691-703}
}

@inproceedings{EK75,
   author = {S. Even and O. Kariv},
   address = {New York},
   booktitle = {Proceedings of FOCS '75: the 16th Annual IEEE Symposium on Foundations of Computer Science},
   pages = {100-112},
   publisher = {IEEE Computer Society},
   title = {An ${O}(n^{2.5})$ Algorithm for Maximum Matching in General Graphs},
   year = {1975}
}

@article{EM77,
   author = {P. Erd\"{o}s and A. Meir},
   journal = dm,
   pages = {229-233},
   title = {On total matching numbers and total covering numbers of complementary graphs},
   volume = {19},
   year = {1977}
}

@inproceedings{ERT79,
   author = {P. Erd\"{o}s and A.L. Rubin and H. Taylor},
   booktitle = {Proceedings of the West Coast Conference on Combinatorics, Graph Theory and Computing},
   pages = {125-157},
   series = {Congressus Numerantium},
   title = {Choosability in graphs},
   year = {1979}
}

@Misc{ES05,
  author =       {K. Eriksson and P. Strimling},
  title = 	 {How unstable are matchings from decentralized mate search?},
  howpublished = {Preprint},
  year = 	 {2005},
  note = 	 {Submitted for publication}
}

@article{ES90,
   author = {E.S. Elmallah and L.K. Stewart},
   journal = {Congressus Numerantium},
   pages = {63-76},
   title = {Domination in polygon graphs},
   volume = {77},
   year = {1990}
}

@article{ES93,
   author = {E.S. Elmallah and L.K. Stewart},
   journal = dam,
   pages = {65-77},
   title = {Independence and domination in polygon graphs},
   volume = {44},
   year = {1993}
}

@article{ESS06,
    author = "K. Eriksson and J. Sjostrand and P. Strimling",
    title = "Three dimensional stable matching with cyclic preferences",
    journal = "Mathematical Social Sciences",
    volume = "52",
    pages = "77--87",
    year = "2006"}

@Misc{Ech07,
  author = 	 {F. Echenique},
  title = 	 {What matchings can be stable?  {T}he testable implications of matching theory},
  howpublished = {Unpublished manuscript},
  year = 	 {2007}
}

@article{Edm65,
   author = {J. Edmonds},
   journal = {Canadian Journal of Mathematics},
   pages = {449-467},
   title = {Paths, trees and flowers},
   volume = {17},
   year = {1965}
}

@Book{FF62,
  author = 	 {L.R. Ford and D.R. Fulkerson},
  title = 	 {Flows in Networks},
  publisher = 	 {Princeton University Press},
  year = 	 {1962},
}

@article{FFHJ94,
   author = {M. Fellows and G. Fricke and S. Hedetniemi and D. Jacobs},
   journal = {SIAM Journal on Discrete Mathematics},
   number = {1},
   pages = {41-47},
   title = {The Private Neighbor Cube},
   volume = {7},
   year = {1994}
}

@article{FHHM86,
   author = {M. Farber and G. Hahn and P. Hell and D. Miller},
   journal = {Journal of Combinatorial Theory, Series B},
   pages = {21-39},
   title = {Concerning the achromatic number of a graph},
   volume = {40},
   year = {1986}
}

@article{FHJ96,
   author = {G.H. Fricke and S.T. Hedetniemi and D.P. Jacobs},
   journal = dam,
   pages = {267-277},
   title = {Maximal irredundant functions},
   volume = {68},
   year = {1996}
}

@Article{FHJ98,
  author = 	 {G.H. Fricke and S.T. Hedetniemi and D.P. Jacobs},
  title = 	 {Independence and irredundance in $k$-regular graphs},
  journal = 	 {Ars Combinatoria},
  year = 	 {1998},
  volume = 	 {49},
  pages = 	 {271-279}
}

@article{FHJM90,
   author = {G. Fricke and E. Hare and D. Jacobs and A. Majumdar},
   journal = {Congressus Numerantium},
   pages = {87-95},
   title = {On integral and fractional total domination},
   volume = {77},
   year = {1990}
}

@article{FHN88,
   author = {A. Finbow and B. Hartnell and R. Nowakowski},
   journal = {Ars Combinatoria},
   pages = {5-10},
   title = {Well-dominated graphs: a collection of well-covered ones},
   volume = {25A},
   year = {1988}
}

@article{FHO74,
   author = {D.R. Fulkerson and A.J. Hoffman and R. Oppenheim},
   journal = {Mathematical Programming Study},
   pages = {120-132},
   title = {On balanced matrices},
   volume = {1},
   year = {1974}
}

@Article{FI95,
  author = 	 {C.B. Fraser and R.W. Irving},
  title = 	 {Approximation Algorithms for the Shortest Common Supersequence},
  journal = 	 {Nordic Journal of Computing},
  year = 	 {1995},
  volume = 	 {2},
  number = 	 {3},
  pages = 	 {303-325}
}

@article{FIM07,
  author = 	 {T. Fleiner and R.W. Irving and D.F. Manlove},
  title = 	 {Efficient Algorithms for Generalised Stable Marriage and Roommates Problems},
  journal =      tcs,
  volume =       {381},
  number =       {1-3},
  pages =        {162-176},
  year =         {2007}
}

@article{FIM96,
   author = {C.B. Fraser and R.W. Irving and M. Middendorf},
   journal = {Information and Computation},
   pages = {145-153},
   title = {Maximal Common Subsequences and Minimal Common Supersequences},
   volume = {124},
   year = {1996}
}

@article{FK85,
   author = {M. Farber and J.M. Keil},
   journal = {Journal of Algorithms},
   number = {3},
   pages = {309-321},
   title = {Domination in permutation graphs},
   volume = {6},
   year = {1985}
}

@TECHREPORT{FKMRRW05,
  AUTHOR = "B. Fuchs and W. Kern and Daniel M{\"o}lle and S. Richter and P. Rossmanith and X. Wang",
  TITLE = "Dynamic Programming for Minimum {S}teiner Trees",
  INSTITUTION = "University of Cologne",
  YEAR = 2005,
  number = "zaik2005-492"
}

@InProceedings{FKW04,
  author = 	 {F. Fomin and D. Kratsch and G. Woeginger},
  title = 	 {Exact (exponential) algorithms for the dominating set problem},
  booktitle = 	 {Proceedings of WG '04: the 30th International Workshop on Graph-Theoretic Concepts in Computer Science},
  pages = 	 {245-256},
  year = 	 {2004},
  volume = 	 {3353},
  series    =    {Lecture Notes in Computer Science},
  publisher =    {Springer}
}

@INPROCEEDINGS{FKW05,
  AUTHOR = "B. Fuchs and W. Kern and X. Wang",
  TITLE = "Speeding up the {D}reyfus-{W}agner algorithm for minimum {S}teiner trees",
  BOOKTITLE = "Proceedings of CTW 2005: the 4th Cologne-Twente Workshop on Graphs and Combinatorial Optimization",
  YEAR = 2005,
  editor = "U. Faigle",
  pages = "110--112",
  organization = "University of Cologne, Germany"
}

@Article{FL92,
  author = 	 {G. Fricke and R. Laskar},
  title = 	 {Strong matchings in trees},
  journal = 	 {Congressus Numerantium},
  year = 	 {1992},
  volume = 	 {89},
  pages = 	 {239-244}
}

@TechReport{FM06,
  author = 	 {H. Fernau and D.F. Manlove},
  title = 	 {Vertex and edge covers with clustering properties: Complexity and Algorithms},
  institution =  {University of Glasgow, Department of Computing Science},
  year = 	 {2006},
  number = 	 {TR-2006-210}
}

@InProceedings{FM06a,
  author = 	 {H. Fernau and D.F. Manlove},
  title = 	 {Vertex and edge covers with clustering properties: Complexity and Algorithms},
  booktitle =    {Proceedings of ACiD 2006: the 2nd Algorithms and Complexity in Durham workshop},
  volume =       {7},
  pages =        {69-84},
  series =       {Texts in Algorithmics},
  publisher =    {College Publications},
  year = 	 {2006}
}

@Article{FM94,
  author = 	 {K. Fukuda and T. Matsui},
  title = 	 {Finding all the perfect matchings in bipartite graphs},
  journal = 	 {Applied Mathematics Letters},
  year = 	 {1994},
  volume = 	 {7},
  number = 	 {1},
  pages = 	 {15-18},
}

@InProceedings{FMP94,
  author = 	 {T. Feder and N. Megiddo and S. Plotkin},
  title = 	 {A sublinear parallel algorithm for stable matching},
  booktitle = 	 {Proceedings of SODA '94: the 5th ACM-SIAM Symposium on 
Discrete Algorithms},
  year = 	 {1994},
  publisher = {ACM-SIAM},
  pages = 	 {632-637},
}

@INPROCEEDINGS{FMRU00,
  AUTHOR = "M. R. Fellows and C. McCartin and F.~A. Rosamond and U. Stege",
  TITLE = "Coordinatized kernels and catalytic reductions: an improved {FPT} algorithm for {Max} {Leaf} {Spanning} {Tree} and other problems",
  BOOKTITLE = "Proceedings of FST TCS 2000: the 20th Conference on Foundations of Software Technology and Theoretical Computer Science",
  YEAR = 2000,
  volume = "1974",
  series = "Lecture Notes in Computer Science",
  pages = "240--251",
  publisher = "Springer"
}

@ARTICLE{FN02,
  AUTHOR = "T. Fujito and H. Nagamochi",
  TITLE = "A 2-approximation algorithm for the minimum weight edge dominating set problem",
  JOURNAL = dam,
  YEAR = 2002,
  volume = 118,
  pages = "199--207"
}

@article{FR94,
   author = {M. F\"{u}rer and B. Raghavachari},
   journal = jalgs,
   pages = {409-423},
   title = {Approximating the minimum-degree {S}teiner tree to within one of optimal},
   volume = {17},
   year = {1994}
}

@TechReport{FS03,
  author = 	 {T. Faik and J.-F. Sacl\'e},
  title = 	 {Some b-continuous classes of graph},
  institution =  {LRI, Universit\'e de Paris Sud},
  number =       {1350},
  year = 	 {2003},
}

@Article{FSW03,
  author = 	 {S.P. Fekete and M. Skutella and G.J. Woeginger},
  title = 	 {The complexity of economic equilibria for house allocation markets},
  journal = 	 ipl,
  year = 	 {2003},
  volume = 	 {88},
  pages = 	 {219-223}
}

@Article{FT87,
  author = 	 {M.L. Fredman and R.E. Tarjan},
  title = 	 {Fibonacci heaps and their uses in improved network optimization algorithms},
  journal = 	 jacm,
  year = 	 {1987},
  volume = 	 {34},
  number = 	 {3},
  pages = 	 {596-615}
}

@inproceedings{FT95,
   author = {S. Fischer and L. Torenvliet},
   booktitle = {Proceedings of WG '95: the 21st International Workshop on Graph-Theoretic Concepts in Computer Science, Aachen, Germany},
   pages = {152-166},
   publisher = {Springer},
   series = {Lecture Notes in Computer Science},
   title = {The malleability of {TSP}$_{2opt}$},
   volume = {1017},
   year = {1995}
}

@article{Fa86,
   author = {O. Favaron},
   journal = {Journal of Graph Theory},
   pages = {429-438},
   title = {Stability, Domination and Irredundance in a Graph},
   volume = {10},
   year = {1986}
}

@article{Far82,
   author = {M. Farber},
   journal = {Operations Research Letters},
   pages = {134-138},
   title = {Independent domination in chordal graphs},
   volume = {1},
   year = {1982}
}

@article{Far84,
   author = {M. Farber},
   journal = dam,
   number = {2},
   pages = {115-130},
   title = {Domination, independent domination and duality in strongly chordal graphs},
   volume = {7},
   year = {1984}
}

@InProceedings{Far97,
  author = 	 {M. Farach},
  title = 	 {Optimal suffix tree construction with large alphabets},
  booktitle = 	 {Proceedings of FOCS '97: the 38th Annual IEEE Symposium on Foundations of Computer Science},
  year = 	 {1997},
  publisher =    {IEEE Computer Society},
  pages = 	 {137-143},
}

@PhdThesis{Fed90,
  author = 	 {T. Feder},
  title = 	 {Stable Networks and Product Graphs},
  school = 	 {Stanford University},
  year = 	 {1990},
  note = 	 {Published in \emph{Memoirs of the American Mathematical Society}, vol.\ 116, no.\ 555, 1995.},
}

@Article{Fed92,
  author = 	 {T. Feder},
  title = 	 {A new fixed point approach for stable networks and stable marriages},
  journal = 	 jcss,
  year = 	 {1992},
  volume = 	 {45},
  pages = 	 {233-284},
}

@Article{Fed94,
  author = 	 {T. Feder},
  title = 	 {Network flow and 2-satisfiability},
  journal = 	 alg,
  year = 	 {1994},
  volume = 	 {11},
  number = 	 {3},
  pages = 	 {291-319}
}

@Misc{Fer05,
  author = 	 {H. Fernau},
  title = 	 {Parameterized Algorithmics: A Graph-Theoretic Approach},
  howpublished = {Ha\-bi\-li\-ta\-tions\-schrift, University of T\"ubingen},
  year = 	 {2005}
}

@InProceedings{Fer05a,
  author = 	 {H. Fernau},
  title = 	 {Two-Layer Planarization: Improving on Parameterized Algorithmics},
  booktitle = 	 {Proceedings of SOFSEM 2005: the 31st Conference on Current Trends in Theory and Practice of Computer Science},
  pages = 	 {137-146},
  year = 	 {2005},
  volume = 	 {3381},
  series = 	 {Lecture Notes in Computer Science},
  publisher =    {Springer}
}

@InProceedings{Fer06,
  author = 	 {H. Fernau},
  title = 	 {Edge Dominating Set: efficient enumeration-based exact algorithms},
  booktitle = 	 {Proceedings of IWPEC 2006: the 3rd International Workshop on Parameterized and Exact Computation},
  volume =       {4169},
  pages =        {142-153},
  year = 	 {2006},
  series = 	 {Lecture Notes in Computer Science},
  publisher =    {Springer}
}

@article{Fis95,
   author = {D.C. Fisher},
   journal = {Journal of Graph Theory},
   number = {4},
   pages = {403-409},
   title = {Fractional colorings with large denominators},
   volume = {20},
   year = {1995}
}

@article{Fis99,
  author = 	 {P. Fishburn},
  title = 	 {Preference structures and their numerical representations},
  journal = 	 tcs,
  year = 	 {1999},
  volume = 	 {217},
  pages = 	 {359-383}
}

@article{Fisc95,
   author = {S.T. Fischer},
   journal = ipl,
   pages = {69-75},
   title = {A note on the complexity of local search problems},
   volume = {53},
   year = {1995}
}

@InProceedings{Fle01,
  author = 	 {T. Fleiner},
  title = 	 {A matroid generalization of the stable matching polytope},
  booktitle = 	 {Proceedings of IPCO '01: the 8th Conference on Integer Programming and Combinatorial Optimization},
  volume = 	 {2081},
  series = 	 {Lecture Notes in Computer Science},
  year = 	 {2001},
  pages = 	 {105-114}
}

@Article{Fle03,
  author = 	 {T. Fleiner},
  title = 	 {A fixed-point approach to stable matchings and some applications},
  journal = 	 {Mathematics of Operations Research},
  year = 	 {2003},
  volume = 	 {28},
  number = 	 {1},
  pages = 	 {103-126},
}

@Misc{Fle04,
  author = 	 {T. Fleiner},
  howpublished = {Personal communication},
  year = 	 {2004}
}

@phdthesis{Fra95,
   author = {C.B. Fraser},
   school = {University of Glasgow, Department of Computing Science},
   title = {Subsequences and Supersequences of Strings},
   year = {1995}
}

@article{Fre75,
   author = {M.L. Fredman},
   journal = dm,
   pages = {29-35},
   title = {On computing the length of longest increasing subsequences},
   volume = {11},
   year = {1975}
}

@article{Fre82,
  author = {E.C. Freuder},
  title = {A sufficient condition for backtrack-free search},
  journal = jacm,
  volume = 29,
  pages = {24-32},
  year = {1982}
}

@unpublished{Fri88,
   author = {G. Fricke},
   note = {Manuscript},
   title = {On the equivalence of the upper irredundance and fractional upper irredundance numbers of a graph},
   year = {1988}
}

@INPROCEEDINGS{Fuj00,
  AUTHOR = "T. Fujito",
  TITLE = "On approximability of the independent / connected edge dominating set problems",
  BOOKTITLE = "Proceedings of FST TCS 2000: the 20th Conference on Foundations of Software Technology and Theoretical Computer Science",
  YEAR = 2000,
  volume = "1974",
  series = "LNCS",
  pages = "117--126",
  publisher = "Springer"
}

@inproceedings{GC03,
  author    = {M.J. Green and D.A. Cohen},
  booktitle = {Proceedings of CP '03: the 9th International Conference on Principles and Practice of Constraint Programming},
  title 	= {Tractability by approximating constraint languages},
  publisher = {Springer},
  series    = {Lecture Notes in Computer Science},
  volume    = {2833},
  year      = {2003},
  pages	= {392-406},
}

@book{GI89,
   author = {D. Gusfield and R.W. Irving},
   publisher = {MIT Press},
   title = {The Stable Marriage Problem: Structure and Algorithms},
   year = {1989}
}

@Article{GI89a,
  author = 	 {D. Gusfield and R.W. Irving},
  title = 	 {Parametric stable marriage and minimum cuts},
  journal = 	 ipl,
  year = 	 {1989},
  volume = 	 {30},
  pages = 	 {255-259},
}

@InProceedings{GIMPS01,
  author = 	 {I.P. Gent and R.W. Irving and D.F. Manlove and P. Prosser and B.M. Smith},
  title = 	 {A constraint programming approach to the stable marriage problem},
  booktitle = 	 {Proceedings of CP '01: the 7th International Conference on Principles and Practice of Constraint Programming},
  series = 	 {Lecture Notes in Computer Science},
  volume =       {2239},
  year = 	 {2001},
  publisher =    {Springer},
  pages = 	 {225-239}
}

@article{GJ77,
   author = {M.R. Garey and D.S. Johnson},
   journal = sjam,
   number = {4},
   pages = {826-834},
   title = {The rectilinear {S}teiner tree problem is {NP}-complete},
   volume = {32},
   year = {1977}
}

@article{GJ78,
   author = {M.R. Garey and D.S. Johnson},
   journal = jacm,
   pages = {499-508},
   title = {``{S}trong" {NP}-completeness results: motivation, examples, and implications},
   volume = {25},
   year = {1978}
}

@unpublished{GJ78a,
   author = {M.R. Garey and D.S. Johnson},
   journal = {Unpublished result},
   note = {Unpublished result},
   year = {1978}
}

@book{GJ79,
   author = {M.R. Garey and D.S. Johnson},
   publisher = {Freeman, San Francisco, CA.},
   title = {Computers and Intractability},
   year = {1979}
}

@article{GJS76,
   author = {M.R. Garey and D.S. Johnson and L. Stockmeyer},
   journal = tcs,
   pages = {237-267},
   title = {Some simplified {NP}-complete graph problems},
   volume = {1},
   year = {1976}
}

@Article{GJT76,
  author = 	 {M.R. Garey and D.S. Johnson and R.E. Tarjan},
  title = 	 {The planar {H}amiltonian circuit problem is {NP}-complete},
  journal = 	 sjc,
  year = 	 {1976},
  volume =       {5},  
  pages = 	 {704-714}
}

@article{GKS94,
   author = {J. Gimbel and D. Kratsch and L. Stewart},
   journal = dam,
   number = {2},
   pages = {111-127},
   title = {On cocolourings and cochromatic numbers of graphs},
   volume = {48},
   year = {1994}
}

@Article{GKT01,
  author = 	 {H.N. Gabow and H. Kaplan and R.E. Tarjan},
  title = 	 {Unique maximum matching algorithms},
  journal = 	 jalgs,
  year = 	 {2001},
  volume = 	 {40},
  pages = 	 {159-183}
}

@Article{GL00,
  author = 	 {M.C. Golumbic and M. Lewenstein},
  title = 	 {New results on induced matchings},
  journal = 	 dam,
  year = 	 {2000},
  volume = 	 {101},
  pages = 	 {157-165}
}

@Article{GL92,
  author = 	 {M.C. Golumbic and R.C. Laskar},
  title = 	 {Irredundancy in circular arc graphs},
  journal = 	 dam,
  year = 	 {1993},
  volume = 	 {44},
  pages = 	 {79-89},
}

@article{GMS80,
   author = {J. Gallant and D. Maier and J.A. Storer},
   journal = jcss,
   number = {1},
   pages = {50-58},
   title = {On Finding Minimal Length Superstrings},
   volume = {20},
   year = {1980}
}

@article{GMV97,
   author = {J. Gimbel and M. Mah\'{e}o and C. Virlouvet},
   journal = dm,
   pages = {343-351},
   title = {Double total domination of graphs},
   volume = {165/166},
   year = {1997}
}

@book{GN72,
   author = {R.S. Garfinkel and G.L. Nemhauser},
   address = {New York},
   publisher = {John Wiley and Sons},
   title = {Integer Programming},
   year = {1972}
}

@INPROCEEDINGS{GNW05,
  AUTHOR = "J. Guo  and R. Niedermeier and S. Wernicke",
  TITLE = "Parameterized complexity of generalized Vertex Cover problems.",
  BOOKTITLE = "Proceedings of WADS 2005: the 9th International Workshop on Algorithms and Data Structures",
  YEAR = 2005,
  volume = 3608 ,
  series = "Lecture Notes in Computer Science",
  pages = "36-48",
  publisher = "Springer",
}

@inproceedings{GP02a,
  author = 	 {I.P. Gent and P. Prosser},
  title = 	 {An empirical study of the stable marriage problem with ties and incomplete lists},
  booktitle = 	 {Proceedings of ECAI '02: the 15th European Conference on Artificial Intelligence},
  publisher =    {IOS Press},
  year = 	 {2002},
  pages =	 {141-145}
}

@inproceedings{GP02b,
  author = 	 {I.P. Gent and P. Prosser},
  title = {{SAT} encodings of the stable marriage problem with ties and incomplete lists},
  booktitle = 	 {Proceedings of SAT '02: The 5th International Symposium on the Theory and Applications of Satisfiability Testing},
  pages =        {133-140},
  year = 	 {2002},
  note =         {{\tt http://gauss.ececs.uc.edu/Conferences/SAT2002/Abstracts/gent.ps}}
}

@Article{GP92,
  author = 	 {D. Gusfield and L. Pitt},
  title = 	 {A bounded approximation for the minimum cost 2-sat problem},
  journal = 	 alg,
  year = 	 {1992},
  volume = 	 {8},
  pages = 	 {103-117}
}

@article{GS62,
   author = {D. Gale and L.S. Shapley},
   journal = {American Mathematical Monthly},
   pages = {9-15},
   title = {College admissions and the stability of marriage},
   volume = {69},
   year = {1962}
}

@article{GS85,
   author = {D. Gale and M. Sotomayor},
   journal = dam,
   pages = {223-232},
   title = {Some remarks on the stable matching problem},
   volume = {11},
   year = {1985}
}

@article{GS90,
   author = {D.L. Grinstead and P.J. Slater},
   journal = {Congressus Numerantium},
   pages = {153-172},
   title = {Fractional domination and fractional packing in graphs},
   volume = {71},
   year = {1990}
}

@article{GS94,
   author = {D.L. Grinstead and P.J. Slater},
   journal = dam,
   pages = {151-168},
   title = {A recurrence template for several parameters in series-parallel graphs},
   volume = {54},
   year = {1994}
}

@Article{GT85,
  author = 	 {H.N. Gabow and R.E. Tarjan},
  title = 	 {A linear-time algorithm for a special case of disjoint set union},
  journal = 	 jcss,
  year = 	 {1985},
  volume = 	 {30},
  pages = 	 {209-221}
}

@Article{GT89,
  author = 	 {H.N. Gabow and R.E. Tarjan},
  title = 	 {Faster scaling algorithms for network problems},
  journal = 	 sjc,
  year = 	 {1989},
  volume = 	 {18},
  number = 	 {5},
  pages = 	 {1013-1036}
}

@Article{GT91,
  author = 	 {H.N. Gabow and R.E. Tarjan},
  title = 	 {Faster scaling algorithms for general graph-matching problems},
  journal = 	 jacm,
  year = 	 {1991},
  volume = 	 {38},
  number = 	 {4},
  pages = 	 {815-853}
}

@unpublished{GT97,
   author = {S. Gutner and M. Tarsi},
   title = {Some results on $(a:b)$-choosability},
   year = {1997}
}

@article{GV95,
   author = {J. Gimbel and P.D. Vestergaard},
   journal = {Ars Combinatoria},
   pages = {109-119},
   title = {Inequalities for total matchings of graphs},
   volume = {39},
   year = {1995}
}

@Article{Gab76,
  author = 	 {H.N. Gabow},
  title = 	 {An efficient implementations of {E}dmonds' algorithm for maximum matching on graphs},
  journal = 	 jacm,
  year = 	 {1976},
  volume = 	 {23},
  number = 	 {2},
  pages = 	 {221-234}
}

@inproceedings{Gab83,
   author = {H.N. Gabow},
   booktitle = {Proceedings of STOC '83: the 15th Annual ACM Symposium on Theory of Computing},
   pages = {448-456},
   publisher = {ACM},
   title = {An Efficient Reduction Technique for Degree-Constrained Subgraph and Bidirected Network Flow Problems},
   year = {1983}
}

@InProceedings{Gab90,
  author = 	 {H.N. Gabow},
  title = 	 {Data structures for weighted matching and nearest common ancestors with linking},
  booktitle = 	 {Proceedings of SODA '90: the 1st ACM-SIAM Symposium on Discrete Algorithms},
  year = 	 {1990},
  publisher = {ACM-SIAM},
  pages = 	 {434-443}
}

@InCollection{Gae05,
  author = 	 {M. Gaertler},
  title = 	 {Clustering},
  booktitle = 	 {Network Analysis},
  pages = 	 {178-215},
  publisher =    {Springer},
  year = 	 {2005},
  editor = 	 {U. Brandes and T. Erlebach},
  volume = 	 {3418},
  series = 	 {Lecture Notes in Computer Science},
  chapter = 	 {8}
}

@article{Gal59,
   author = {T. Gallai},
   journal = {Ann. Univ. Sci. Budapest, E\"{o}tv\"{o}s Sect. Math.},
   pages = {133-138},
   title = {\"{U}ber extreme {P}unkt-und {K}antenmengen},
   volume = {2},
   year = {1959}
}

@Article{Gal89,
  author = 	 {J.A. Gallian},
  title = 	 {A survey: recent results, conjectures and open problems in labeling graphs},
  journal = 	 jgt,
  year = 	 {1989},
  volume = 	 {13},
  number = 	 {4},
  pages = 	 {491-504}
}

@Article{Gal94,
  author = 	 {J.A. Gallian},
  title = 	 {A guide to the graph labeling zoo},
  journal = 	 dam,
  year = 	 {1994},
  volume = 	 {49},
  pages = 	 {213-229}
}

@Article{Gal98,
  author = 	 {J.A. Gallian},
  title = 	 {A dynamic survey of graph labeling},
  journal = 	 {Electronic Journal of Combinatorics},
  year = 	 {1998},
  volume = 	 {5},
  note = 	 {(Dynamic survey \#DS6; version of February 11, 1998)}
}

@Article{Gar75,
  author = 	 {P. G\"{a}rdenfors},
  title = 	 {Match making: assignments based on bilateral preferences},
  journal = 	 {Behavioural Science},
  year = 	 {1975},
  volume = 	 {20},
  pages = 	 {166-173}
}

@article{Gav72,
   author = {F. Gavril},
   journal = sjc,
   pages = {180-187},
   title = {Algorithms for Minimum Coloring, Maximum Clique, Minimum Covering by Cliques, and Maximum Independent Set of a Chordal Graph},
   volume = {1},
   year = {1972}
}

@Article{Ger74,
  author = 	 {E. Gergely},
  title = 	 {A simple method for constructing doubly diagonalized latin squares},
  journal = 	 {Journal of Combinatorial Theory, Series A},
  year = 	 {1974},
  volume = 	 {16},
  number = 	 {2},
  pages = 	 {266-272}
}

@book{Gib85,
   author = {A. Gibbons},
   publisher = {Cambridge University Press},
   title = {Algorithmic Graph Theory},
   year = {1985}
}

@InCollection{Gol72,
  author = 	 {S.W. Golomb},
  title = 	 {How to number a graph},
  booktitle = 	 {Graph Theory and Computing},
  publisher = {Academic Press},
  year = 	 {1972},
  editor = 	 {R.C. Read},
  pages = 	 {23-37}
}

@Article{Gol77,
  author = 	 {M.C. Golumbic},
  title = 	 {The complexity of comparability graph recognition
and colouring},
  journal = 	 {Computing},
  year = 	 {1977},
  volume = 	 {18},
  pages = 	 {199-208},
}

@book{Gol80,
   author = {M.C. Golumbic},
   publisher = {Academic Press},
   title = {Algorithmic graph theory and perfect graphs},
   year = {1980}
}

@incollection{Gup69,
   author = {R.P. Gupta},
   booktitle = {Proof Techniques in Graph Theory},
   editor = {F. Harary},
   pages = {61-62},
   publisher = {Academic Press},
   title = {Independence and Covering Numbers of Line Graphs and Total Graphs},
   year = {1969}
}

@Article{Gus87,
  author = 	 {D. Gusfield},
  title = 	 {Three fast algorithms for four problems in stable marriage},
  journal = 	 sjc,
  year = 	 {1987},
  volume = 	 {16},
  number = 	 {1},
  pages = 	 {111-128},
}

@Article{Gus88,
  author = 	 {D. Gusfield},
  title = 	 {The structure of the stable roommate problem --
efficient representation and enumeration of all stable assignments},
  journal = 	 sjc,
  year = 	 {1988},
  volume = 	 {17},
  number = 	 {4},
  pages = 	 {742-769},
}

@book{Gus97,
   author = {D. Gusfield},
   publisher = {Cambridge University Press},
   title = {Algorithms on strings, trees and sequences},
   year = {1997}
}

@article{Gut96,
   author = {S. Gutner},
   journal = dm,
   pages = {119-130},
   title = {The complexity of planar graph choosability},
   volume = {159},
   year = {1996}
}

@Article{HDT92,
  author = 	 {P. van Hentenryck and Y. Deville and C-M. Teng},
  title = 	 {A generic arc-consistency algorithm and its specializations},
  journal = 	 {Artificial Intelligence},
  year = 	 {1992},
  volume = 	 {57},
  pages = 	 {291-321}
}

@article{HH70,
   author = {F. Harary and S. Hedetniemi},
   journal = {Journal of Combinatorial Theory},
   pages = {154-161},
   title = {The achromatic number of a graph},
   volume = {8},
   year = {1970}
}

@article{HH96,
   author = {F. Harary and T.W. Haynes},
   journal = dm,
   pages = {99-105},
   title = {{N}ordhaus-{G}addum inequalities for domination in graphs},
   volume = {155},
   year = {1996}
}

@inproceedings{HHB82,
   author = {S.M. Hedetniemi and S.T. Hedetniemi and T. Beyer},
   booktitle = {Proceedings of the 13th South-Eastern Conference on Combinatorics, Graph Theory and Computing},
   pages = {351-363},
   series = {Congressus Numerantium},
   title = {A linear algorithm for the {G}rundy (coloring) number of a tree.},
   volume = {36},
   year = {1982}
}

@article{HHJ90,
   author = {S.M Hedetniemi and S.T. Hedetniemi and D.P. Jacobs},
   journal = {Congressus Numerantium},
   pages = {147-157},
   title = {Private Domination - Theory and Algorithms},
   volume = {79},
   year = {1990}
}

@inproceedings{HHLMM95,
   author = {S.M. Hedetniemi and S.T. Hedetniemi and R. Laskar and A. McRae and A. Majumdar},
   booktitle = {Graph Theory, Combinatorics and Applications: Proceedings of the 7th Quadrennial International Conference on the Theory and Applications of Graphs},
   editor = {Y. Alavi and A. Schwenk},
   pages = {671-683},
   publisher = {John Wiley and Sons, Inc.},
   title = {Domination, independence and irredundance in total graphs: a brief survey},
   volume = {2},
   year = {1995}
}

@article{HHP67,
   author = {F. Harary and S. Hedetniemi and G. Prins},
   journal = {Portugaliae Mathematica},
   pages = {453-462},
   title = {An interpolation theorem for graphical homomorphisms},
   volume = {26},
   year = {1967}
}

@article{HHS95,
   author = {J.H. Hattingh and M.A. Henning and P.J. Slater},
   journal = {Australasian Journal of Combinatorics},
   pages = {101-112},
   title = {The algorithmic complexity of signed domination in graphs},
   volume = {12},
   year = {1995}
}

@book{HHS98a,
   author = {T. Haynes and S.T. Hedetniemi and P.J. Slater},
   publisher = {Marcel Dekker},
   title = {Fundamentals of Domination in Graphs},
   year = {1998}
}

@book{HHS98b,
   editor = {T. Haynes and S.T. Hedetniemi and P.J. Slater},
   publisher = {Marcel Dekker},
   title = {Domination in Graphs: Advanced Topics},
   year = {1998}
}

@techreport{HHW87,
   author = {S.M. Hedetniemi and S.T. Hedetniemi and T. Wimer},
   institution = {Clemson University, Department of Mathematical Sciences},
   number = {URI-014},
   title = {Linear time resource allocation algorithms for trees},
   year = {1987}
}

@Article{HIIMMMS03,
  author = 	 {M.M. Halld\'{o}rsson and R.W. Irving and K. Iwama and 
                  D.F. Manlove and S. Miyazaki and Y. Morita and S. Scott},
  title = 	 {Approximability results for stable marriage problems with ties},
  journal = 	 tcs,
  year = 	 {2003},
  volume = 	 {306},
  number = 	 {1-3},
  pages = 	 {431-447}
}

@InProceedings{HIMM02,
  author = {M. Halld\'{o}rsson and K. Iwama and S. Miyazaki and Y. Morita},
  title = 	 {Inapproximability results on stable marriage problems},
  booktitle = 	 {Proceedings of LATIN 2002: the Latin-American Theoretical 
                  INformatics symposium},
  volume =  	 {2286},
  series = 	 {Lecture Notes in Computer Science},
  year = 	 {2002},
  publisher =    {Springer},
  pages = 	 {554-568}
}

@inproceedings{HIMY03,
  author    = {M.M. Halld\'orsson and K. Iwama and S. Miyazaki and H. Yanagisawa},
  title     = {Improved Approximation of the Stable Marriage Problem},
  booktitle = {Proceedings of ESA 2003: the 11th Annual European Symposium on Algorithms},
  publisher = {Springer},
  series    = {Lecture Notes in Computer Science},
  volume    = {2832},
  pages     = {266-277},
  year      = {2003}
}

@Article{HIMY04,
  author = 	 {M.M. Halld\'orsson and K. Iwama and S. Miyazaki and H. Yanagisawa},
  title = 	 {Randomized approximation of the stable marriage problem},
  journal = 	 tcs,
  year = 	 {2004},
  volume = 	 {325},
  number = 	 {3},
  pages = 	 {439-465}
}

@incollection{HK56,
   author = {A.J. Hoffman and J.B. Kruskal},
   booktitle = {Linear inequalities and related systems},
   editor = {H.W. Kuhn and A.W. Tucker},
   pages = {223-246},
   publisher = {Princeton University Press},
   series = {Annals of Mathematical Studies},
   title = {Integral boundary points of convex polyhedra},
   volume = {38},
   year = {1956}
}

@article{HK73,
   author = {J.E. Hopcroft and R.M. Karp},
   journal = sjc,
   pages = {225-231},
   title = {A $n^{5/2}$ Algorithm for Maximum Matchings in Bipartite Graphs},
   volume = {2},
   year = {1973}
}

@article{HK93,
   author = {J.D. Horton and K. Kilakos},
   journal = sjdm,
   pages = {375-387},
   title = {Minimum edge dominating sets},
   volume = {6},
   year = {1993}
}

@Article{HKR82,
  author = 	 {C. Huang and A. Kotzig and A. Rosa},
  title = 	 {Further results on tree labellings},
  journal = 	 {Utilitas Mathematica},
  year = 	 {1982},
  volume = 	 {21C},
  pages = 	 {31-48}
}

@incollection{HL84,
   author = {S.T. Hedetniemi and R.C. Laskar},
   booktitle = {Graph Theory and Combinatorics},
   chapter = {18},
   editor = {B. Bollob\'{a}s},
   journal = {Graph theory and combinatorics},
   pages = {209-217},
   publisher = {Academic Press},
   title = {Connected domination in graphs},
   year = {1984}
}

@article{HL90,
   author = {S.T. Hedetniemi and R.C. Laskar},
   journal = dm,
   pages = {257-277},
   title = {Bibliography on Domination and Some Basic Definitions of Domination Parameters},
   volume = {86},
   year = {1990}
}

@proceedings{HL90a,
   editor = {S.T. Hedetniemi and R.C. Laskar},
   series = {Discrete Mathematics},
   title = {Topics on Domination},
   volume = {86},
   year = {1990}
}

@article{HLP84,
   author = {W.R. Hare and R. Laskar and K. Peters},
   journal = {Congressus Numerantium},
   pages = {139-150},
   title = {Max-min parameters and disconnected colorings},
   volume = {44},
   year = {1984}
}

@article{HLP85,
   author = {S.T. Hedetniemi and R.C. Laskar and J. Pfaff},
   journal = {Congressus Numerantium},
   pages = {183-193},
   title = {Irredundance in graphs -- a survey},
   volume = {48},
   year = {1985}
}

@article{HM97,
   author = {F. Hughes and G. MacGillivray},
   journal = {Bulletin of the Institute of Combinatorics and its Applications},
   pages = {27-56},
   title = {The achromatic number of graphs: a survey and some new results},
   volume = {19},
   year = {1997}
}

@article{HS85,
   author = {D.S. Hochbaum and D.B. Shmoys},
   journal = {Mathematics of Operations Research},
   number = {2},
   pages = {180-184},
   title = {A best possible heuristic for the $k$-center problem},
   volume = {10},
   year = {1985}
}

@Article{HSVS05,
  author = 	 {P.R. Harper and V. de Senna and I.T. Vieira and A.K. Shahani},
  title = 	 {A genetic algorithm for the project assignment problem},
  journal = 	 {Computers and Operations Research},
  year = 	 {2005},
  volume = 	 {32},
  pages = 	 {1255-1265}
}

@Article{HT05a,
  author = 	 {F. Holroyd and C. Spencer and J. Talbot},
  title = 	 {Compression and {E}rd\"os-{K}o-{R}ado graphs},
  journal = 	 dm,
  year = 	 {2005},
  volume = 	 {293},
  pages = 	 {155-164}
}

@Article{HT05b,
  author = 	 {F. Holroyd and J. Talbot},
  title = 	 {Graphs with the {E}rd\"os-{K}o-{R}ado property},
  journal = 	 dm,
  year = 	 {2005},
  volume = 	 {293},
  pages = 	 {165-176}
}

@article{HT93,
   author = {M. Hujter and Zs. Tuza},
   journal = {Acta Mathematica Universitatis Comenianae},
   pages = {1-11},
   title = {Precoloring extension. {II}. {G}raph classes related to bipartite graphs.},
   volume = {62},
   year = {1993}
}

@Article{HZ79,
  author = 	 {A. Hylland and R. Zeckhauser},
  title = 	 {The efficient allocation of individuals to positions},
  journal = 	 {Journal of Political Economy},
  year = 	 {1979},
  volume = 	 {87},
  number = 	 {2},
  pages = 	 {293-314}
}

@article{Hal93,
   author = {M.M. Halld\'{o}rsson},
   journal = ipl,
   pages = {169-172},
   title = {Approximating the minimum maximal independence number},
   volume = {46},
   year = {1993}
}

@inproceedings{Hal95,
   author = {M.M. Halld\'{o}rsson},
   booktitle = {Proceedings of SODA '95: the 6th Annual ACM-SIAM Symposium on Discrete Algorithms, San Francisco},
   pages = {160-169},
   publisher = {ACM-SIAM},
   title = {Approximating discrete collections via local improvements},
   year = {1995}
}

@book{Har69,
   author = {F. Harary},
   publisher = {Addison-Wesley},
   title = {Graph Theory},
   year = {1969}
}

@article{Har83,
   author = {F. Harary},
   journal = {Journal of Graph Theory},
   pages = {275-284},
   title = {Maximum versus minimum invariants for graphs},
   volume = {7},
   year = {1983}
}

@article{Hav91,
   author = {J. Haviland},
   journal = dm,
   number = {2},
   pages = {95-101},
   title = {On Minimum Maximal Independent Sets of Graphs},
   volume = {94},
   year = {1991}
}

@article{Hav95,
   author = {J. Haviland},
   journal = dm,
   pages = {275-280},
   title = {Independent domination in regular graphs},
   volume = {143},
   year = {1995}
}

@inproceedings{Hed70,
   author = {S.T. Hedetniemi},
   booktitle = {Combinatorial Structures and their Applications},
   pages = {163-167},
   publisher = {Gordon and Breach},
   title = {Disconnected colorings of graphs},
   year = {1970}
}

@article{Hed73,
   author = {S.T. Hedetniemi},
   journal = {Journal of Combinatorial Theory, Series B},
   pages = {94-99},
   title = {Hereditary properties of graphs},
   volume = {14},
   year = {1973}
}

@conference{Has96,
   author = {J. H\mbox{\aa}stad},
   booktitle = {Proceedings of FOCS '96: the 37th Annual IEEE Symposium on Foundations of Computer Science},
   pages = {627-636},
   publisher = {IEEE Computer Society},
   title = {Clique is hard to approximate within $n^{1-\epsilon}$},
   year = {1996}
}

@article{Hed83,
   author = {S.T. Hedetniemi},
   journal = {Congressus Numerantium},
   pages = {23-34},
   title = {A max-min relationship between matchings and domination in graphs},
   volume = {40},
   year = {1983}
}

@misc{Hed97,
   author = {S.T. Hedetniemi},
   howpublished = {Personal communication},
   year = {1997}
}

@Misc{Hua07,
  author = 	 {C-C. Huang},
  title = 	 {Two's company, three's a crowd: stable family and threesome roommate problems},
  howpublished = {Submitted for publication},
  year = 	 {2007}
}

@InProceedings{Hui92,
  author = 	 {L.C.K. Hui},
  title = 	 {Color set size problem with applications to string matching},
  booktitle =    {Proceedings of CPM '92: the 3rd Annual Symposium on Combinatorial Pattern Matching},
  pages = {230-243},
  publisher = {Springer},
  series = {Lecture Notes in Computer Science},
  volume = {644},
  year = {1992}
}

@inproceedings{IF92,
   author = {R.W. Irving and C.B. Fraser},
   booktitle = {Proceedings of CPM '92: the 3rd Annual Symposium on Combinatorial Pattern Matching},
   pages = {214-229},
   publisher = {Springer},
   series = {Lecture Notes in Computer Science},
   title = {Two algorithms for the longest common subsequence of three (or more) strings},
   volume = {644},
   year = {1992}
}

@inproceedings{IKMMP04,
   author = {R.W. Irving and T. Kavitha and K. Mehlhorn and D. Michail and K. Paluch},
   booktitle = {Proceedings of SODA '04: the 15th ACM-SIAM Symposium on Discrete Algorithms},
   pages = {68-75},
   publisher = {ACM-SIAM},
   title = {Rank-maximal matchings},
   year = {2004}
}

@Article{IKMMP06,
  author = 	 {R.W. Irving and T. Kavitha and K. Mehlhorn and D. Michail and K. Paluch},
  title = 	 {Rank-maximal matchings},
  journal = 	 {ACM Transactions on Algorithms},
  year = 	 {2006},
  volume = 	 {2},
  pages = 	 {602-610}
}

@Article{IL86,
  author = 	 {R.W. Irving and P. Leather},
  title = 	 {The complexity of counting stable marriages},
  journal = 	 sjc,
  year = 	 {1986},
  volume = 	 {15},
  number = 	 {3},
  pages = 	 {655-667},
}

@Article{ILG87,
  author = 	 {R.W. Irving and P. Leather and D. Gusfield},
  title = 	 {An efficient algorithm for the ``optimal" stable marriage},
  journal = 	 jacm,
  year = 	 {1987},
  volume = 	 {34},
  number = 	 {3},
  pages = 	 {532-543}
}

@article{IM02,
  author = 	 {R.W. Irving and D.F. Manlove},
  title = 	 {The {S}table {R}oommates {P}roblem with {T}ies},
  journal =      jalgs,
  volume =       43,
  pages =        {85-105},
  year =         {2002}
}

@Misc{IM05,
  author = 	 {R.W. Irving and D.F. Manlove},
  title = 	 {Some preliminary observations on popular matchings in the roommates problem},
  howpublished = {Unpublished manuscript},
  year = 	 {2005}
}

@inproceedings{IM07,
  author = 	 {R.W. Irving and D.F. Manlove},
  title = 	 {An 8/5 approximation algorithm for a hard variant of stable marriage},
  booktitle =    {Proceedings of COCOON 2007: the 13th Annual International Computing and Combinatorics Conference},
  volume = 	 {4598},
  series = 	 {Lecture Notes in Computer Science},
  year = 	 {2007},
  publisher =    {Springer},
  pages =        {548-558},
}

@Misc{IM07a,
  author = 	 {R.W. Irving and D.F. Manlove},
  title = 	 {Heuristics for hard variants of the stable marriage and hospitals/residents problems},
  howpublished = {Unpublished manuscript},
  year = 	 {2007}
}

@article{IM08,
  author = 	 {R.W. Irving and D.F. Manlove},
  title = 	 {Approximation algorithms for hard variants of the stable marriage and hospitals/residents problems},
  journal =      {Journal of Combinatorial Optimization, \emph{to appear}},
  year = 	 {2008}
}

@techreport{IM97,
   author = {R.W. Irving and D.F. Manlove},
   institution = {University of Glasgow, Department of Computing Science},
   month = {January},
   number = {TR-1997-4},
   title = {The b-chromatic number of a graph},
   year = {1997}
}

@article{IM99,
   author = {R.W. Irving and D.F. Manlove},
   title = {The b-chromatic number of a graph},
   journal=dam,
   volume={91},
   pages={127-141},
   year = {1999}
}

@inproceedings{IMMM99,
  author = 	 {K. Iwama and D. Manlove and S. Miyazaki and Y. Morita},
  title = 	 {Stable marriage with incomplete lists and ties},
  booktitle = 	 {Proceedings of ICALP '99: the 26th International Colloquium on Automata, Languages, and Programming},
  volume =  	 {1644},
  series = 	 {Lecture Notes in Computer Science},
  year = 	 {1999},
  publisher =    {Springer},
  pages = 	 {443-452},
}

@InProceedings{IMO04,
  title =	"A $\left(2-c\frac{\log n}{n}\right)$-Approximation Algorithm for the
		 Stable Marriage Problem",
  author =	"K. Iwama and S. Miyazaki and K. Okamoto",
  booktitle =	"Proceedings of SWAT 2004: the 9th Scandinavian
		 Workshop on Algorithm Theory",
  publisher =	"Springer",
  year = 	"2004",
  volume =	"3111",
  pages =	"349--361",
  series =	"Lecture Notes in Computer Science"
}

@InProceedings{IMO06,
  author = 	 {R.W. Irving and D.F. Manlove and G. O'Malley},
  title = 	 {Stable marriage with ties and bounded length preference lists},
  booktitle =    {Proceedings of ACiD 2006: the 2nd Algorithms and Complexity in Durham workshop},
  volume =       {7},
  pages =        {95-106},
  series =       {Texts in Algorithmics},
  publisher =    {College Publications},
  year = 	 {2006}
}

@article{IMO07,
  author = 	 {R.W. Irving and D.F. Manlove and G. O'Malley},
  title = 	 {Stable marriage with ties and bounded length preference lists},
  journal =      {Submitted for publication},
  year = 	 {2007}
}

@inproceedings{IMS00,
  author = 	 {R.W. Irving and D.F. Manlove and S. Scott},
  title = 	 {The {H}ospitals/{R}esidents problem with {T}ies},
  booktitle = 	 {Proceedings of SWAT 2000: the 7th Scandinavian Workshop on Algorithm Theory},
  volume =  	 {1851},
  series = 	 {Lecture Notes in Computer Science},
  year = 	 {2000},
  publisher =    {Springer},
  pages = 	 {259-271},
}

@TechReport{IMS02,
  author = 	 {R.W. Irving and D.F. Manlove and S. Scott},
  title = 	 {Strong stability in the {H}ospitals/{R}esidents problem},
  institution =  {University of Glasgow, Department of Computing Science},
  year = 	 {2002},
  month =        {December}, 
  number = 	 {TR-2002-123},
  note =         {Revised May 2005}
}

@inproceedings{IMS03,
  author = 	 {R.W. Irving and D.F. Manlove and S. Scott},
  title = 	 {Strong stability in the {H}ospitals/{R}esidents problem},
  booktitle = 	 {Proceedings of STACS 2003: the 20th Annual Symposium on Theoretical Aspects of Computer Science},
  volume =  	 {2607},
  series = 	 {Lecture Notes in Computer Science},
  year = 	 {2003},
  publisher =    {Springer},
  pages = 	 {439-450},
}

@article{IMS08,
  author = 	 {R.W. Irving and D.F. Manlove and S. Scott},
  title = 	 {The stable marriage problem with master preference lists},
  journal =      {Discrete Applied Mathematics, \emph{to appear}},
  year = 	 {2008}
}

@InProceedings{IMY05,
  title =	"A $\left(2-c\frac{1}{\sqrt{N}}\right)$-Approximation Algorithm for the
		 Stable Marriage Problem",
  author =	"K. Iwama and S. Miyazaki and N. Yamauchi",
  booktitle =	"Proceedings of ISAAC 2005: the 16th Annual International Symposium
                 on Algorithms and Computation",
  publisher =	"Springer",
  year = 	"2005",
  volume =	"3827",
  pages =	"902--914",
  series =	"Lecture Notes in Computer Science"
}


@inproceedings{IMY07,
   author = {K. Iwama and S. Miyazaki and N. Yamauchi},
   booktitle = {Proceedings of SODA 2007: the Eighteenth ACM/SIAM Symposium on Discrete Algorithms},
   title = {A 1.875--approximation algorithm for the stable marriage problem},
   year = {2007},
   pages = {288-297}
}

@inproceedings{IMY07A,
   author = {K. Iwama and S. Miyazaki and H. Yanagisawa},
   booktitle = {Proceedings of WADS 2007: the Tenth International Workshop on Algorithms and Data Structures},
   title = {Approximation algorithms for the sex-equal stable marriage problem},
   year = {2007}
}

@unpublished{IS02,
  author = 	 {R.W. Irving and S. Scott},
  title = 	 {The Stable Fixtures Problem},
  note =         {To appear in Discrete Applied Mathematics},
  year = 	 {2007}
}

@Misc{Ilog,
  title = {{ILOG JSolver}},
  howpublished = {http://www.ilog.com/products/jsolver/}
}

@Misc{Irv02,
  author = 	 {R.W. Irving},
  title = 	 {Personal communication},
  year =         {2002}
}

@TechReport{Irv04,
  author = 	 {R.W. Irving},
  title = 	 {The {M}an-{E}xchange {S}table {M}arriage problem},
  institution =  {University of Glasgow, Department of Computing Science},
  year = 	 {2004},
  number = 	 {TR-2004-177}
}

@Misc{Irv05,
  author = 	 {R.W. Irving},
  title = 	 {Tie resolution heuristics for the {SFAS} matching scheme},
  howpublished = {Unpublished manuscript},
  year = 	 {2005}
}

@unpublished{Irv06,
  author = 	 {R.W. Irving},
  title = 	 {Greedy and generous matchings via a variant of the {B}ellman-{F}ord algorithm},
  note =         {Unpublished manuscript},
  year = 	 {2006}
}

@article{Irv85,
   author = {R.W. Irving},
   journal = jalgs,
   pages = {577-595},
   volume = {6},
   title = {An efficient algorithm for the ``stable roommates" problem},
   year = {1985}
}

@TechReport{Irv86,
  author = 	 {R.W. Irving},
  title = 	 {On the stable room-mates problem},
  institution =  {University of Glasgow, Department of Computing Science},
  year = 	 {1986},
  number = 	 {CSC/86/R5},
}

@article{Irv91,
   author = {R.W. Irving},
   journal = ipl,
   pages = {197-200},
   title = {On Approximating the Minimum Independent Dominating Set},
   volume = {37},
   year = {1991}
}

@article{Irv94,
   author = {R.W. Irving},
   journal = dam,
   pages = {261-272},
   title = {Stable marriage and indifference},
   volume = {48},
   year = {1994}
}

@inproceedings{Irv98,
   author = {R.W. Irving},
   booktitle = {Proceedings of ESA '98: the 6th European Symposium on Algorithms},
   pages = {381-392},
   publisher = {Springer},
   series = {Lecture Notes in Computer Science},
   title = {Matching medical students to pairs of hospitals: a new variation on a well-known theme},
   volume = {1461},
   year = {1998}
}

@article{JDUGG74,
   author = {D.S. Johnson and A. Demers and J.D. Ullman and M.R. Garey and R.L. Graham},
   journal = sjc,
   pages = {299-325},
   title = {Worst-case performance bounds for simple one-dimensional packing algorithms},
   volume = {3},
   year = {1974}
}

@Article{JL95,
  author = 	 {T. Jiang and M. Li},
  title = 	 {On the Approximation of Shortest Common Supersequences and Longest Common Subsequences},
  journal = 	 sjc,
  year = 	 {1995},
  volume = 	 {24},
  number = 	 {5},
  pages = 	 {1122-1139},
}

@article{JP90,
   author = {M.S. Jacobson and K. Peters},
   journal = dm,
   pages = {59-69},
   title = {Chordal Graphs and Upper Irredundance, Upper Domination and Independence},
   volume = {86},
   year = {1990}
}

@article{JPY88,
   author = {D.S. Johnson and C.H. Papadimitriou and M. Yannakakis},
   journal = jcss,
   pages = {79-100},
   title = {How easy is local search?},
   volume = {37},
   year = {1988}
}

@book{JT95,
   author = {T.R. Jensen and B. Toft},
   publisher = {Wiley},
   title = {Graph Colouring Problems},
   year = {1995}
}

@inproceedings{Jea95, 
  author = {P. Jeavons and D.A. Cohen and M. Gyssens},  
  year = 1995,
  title = {A Unifying Framework for Tractable Constraints},
  booktitle = {Proceedings of CP '95: the 1st International Conference on Principles and Practice of Constraint Programming},
  series = {Lecture Notes in Computer Science},
  volume = {976},
  publisher = {Springer},
  pages = {276-291}
}

@Article{Joh74,
  author = 	 {D.S. Johnson},
  title = 	 {Approximation algorithms for combinatorial problems},
  journal = 	 jcss,
  year = 	 {1974},
  OPTvolume = 	 {9},
  pages = 	 {256-278}
}

@article{Joh84,
   author = {D.S. Johnson},
   journal = {Journal of Algorithms},
   pages = {147-160},
   title = {The {NP}-completeness column: an ongoing guide},
   volume = {5},
   year = {1984}
}

@article{Joh85,
   author = {D.S. Johnson},
   journal = {Journal of Algorithms},
   pages = {434-451},
   title = {The {NP}-completeness column: an ongoing guide},
   volume = {6},
   year = {1985}
}

@inproceedings{Joh90,
   author = {D.S. Johnson},
   booktitle = {Proceedings of ICALP '90: the 17th International Colloquium on Automata, Languages and Programming},
   pages = {446-461},
   publisher = {Springer},
   series = {Lecture Notes in Computer Science},
   title = {Local optimization and the traveling salesman problem},
   volume = {443},
   year = {1990}
}

@article{KD90,
   author = {P.P Kale and N.V. Deshpande},
   journal = {Indian Journal of Pure and Applied Mathematics},
   number = {8},
   pages = {695-698},
   title = {On line independence, domination, irredundance and neighbourhood numbers of a graph},
   volume = {21},
   year = {1990}
}

@incollection{KH78,
   author = {B. Korte and D. Hausmann},
   booktitle = {Annals of Discrete Mathematics},
   pages = {65-74},
   publisher = {North-Holland},
   title = {An analysis of the greedy heuristic for independence systems},
   volume = {2},
   year = {1978}
}

@InProceedings{KH78a,
  author = 	 {D.G. Kirkpatrick and P. Hell},
  title = 	 {On the completeness of a generalized matching problem},
  booktitle = {Proceedings of STOC '78: the 10th Annual ACM Symposium on Theory of Computing},
  pages = {240-245},
  publisher = {ACM},
  year = {1978}
}

@article{KH83,
  AUTHOR = "D. G. Kirkpatrick and P. Hell",
  TITLE = "On the complexity of general graph factor problems",
  JOURNAL = siam,
  YEAR = 1983,
  volume = 12,
  pages = "601--609"
}

@inproceedings{KK82,
   author = {N. Karmarkar and R.M. Karp},
   booktitle = {Proceedings of FOCS '82: the 23rd Annual IEEE Symposium of Foundations of Computer Science},
   pages = {312-320},
   publisher = {IEEE Computer Society},
   title = {An efficient approximation scheme for the one-dimensional bin packing problem},
   year = {1982}
}

@Misc{KKV04,
  author = 	 {J. K\'ara and J. Kratochv\'il and M. Voigt},
  title = 	 {b-continuity},
  howpublished = {Preprint No. M 14/04, Technical University Ilmenau, Faculty for Mathematics and 
Natural Science.  \verb+http://www.mathematik.tu-ilmenau.de/~voigt/chord.ps+},
  month = 	 {July},
  year = 	 {2004},
}

@article{KL70,
   author = {B.W. Kernighan and S. Lin},
   journal = {Bell System Technical Journal},
   pages = {291-307},
   title = {An efficient heuristic for partitioning graphs},
   volume = {49},
   year = {1970}
}

@Article{KLM99,
  author = 	 {E. Kujansuu and T. Lindberg and E. M\"akinen},
  title = 	 {The Stable Roommates Problem and Chess Tournament Pairings},
  journal = 	 {Divulgaciones Matem\'aticas},
  year = 	 {1999},
  volume = 	 {7},
  number = 	 {1},
  pages = 	 {19-28}
}

@inproceedings{KMMP04,
  author = 	 {T. Kavitha and K. Mehlhorn and D. Michail and K. Paluch},
  title = 	 {Strongly Stable Matchings in Time {$O(nm)$} and Extension to the {H}ospitals-{R}esidents Problem},
  booktitle = 	 {Proceedings of STACS 2004: the 21st International Symposium on Theoretical Aspects of Computer Science},
  volume =  	 {2996},
  series = 	 {Lecture Notes in Computer Science},
  year = 	 {2004},
  publisher =    {Springer},
  pages = 	 {222-233},
}

@Article{KMMP07,
  author = 	 {T. Kavitha and K. Mehlhorn and D. Michail and K.E. Paluch},
  title = 	 {Strongly Stable Matchings in Time {$O(nm)$} and Extension to the {H}ospitals-{R}esidents Problem},
  journal = 	 {ACM Transactions on Algorithms},
  year = 	 {2007},
  volume = 	 {3},
  number = 	 {2},
  note = 	 {Article number 2}
}

@incollection{KP97,
   author = {V. Kann and A. Panconesi},
   booktitle = {Annoted Bibliographies in Combinatorial Optimization},
   chapter = {2},
   editor = {M. Dell'Amico and F. Maffioli and S. Martello},
   pages = {13-30},
   publisher = {John Wiley and Sons},
   title = {Hardness of Approximation},
   year = {1997}
}

@Article{KR03,
  author = 	 {D. Kobler and U. Rotics},
  title = 	 {Finding maximum induced matchings in subclasses of claw-free and {$P_5$}-free graphs, and in graphs with matching and induced matching of equal maximum size},
  journal = 	 alg,
  year = 	 {2003},
  volume = 	 {37},
  pages = 	 {327-346}
}

@Article{KS03,
  author = 	 {C.W. Ko and F.B. Shepherd},
  title = 	 {Bipartite domination and simultaneous matroid covers},
  journal = 	 sjdm,
  year = 	 {2003},
  volume = 	 {16},
  number = 	 {4},
  pages = 	 {517-523}
}

@InProceedings{KS06,
  author = 	 {T. Kavitha and C. Shah},
  title = 	 {Efficient Algorithms for Weighted Rank-Maximal Matchings and Related Problems },
  booktitle = 	 {Proceedings of ISAAC 2006: the Seventeenth International Symposium on Algorithms and Computation},
  pages = 	 {153-162},
  volume = 	 {4288},
  year =         {2006},
  series = 	 {Lecture Notes in Computer Science},
  publisher = {Springer}
}

@article{KS93,
   author = {D. Kratsch and L. Stewart},
   journal = sjdm,
   pages = {400-417},
   title = {Domination on cocomparability graphs},
   volume = {6},
   year = {1993}
}

@misc{KS94,
  author = 	 {C.W. Ko and F.B. Shepherd},
  title = 	 {Adding an identity to a totally unimodular matrix},
  howpublished = {Working paper LSEOR.94.14, London School of Economics, 
Operational Research Group},
  year = 	 {1994}
}

@article{KS97,
   author = {D. Kratsch and L. Stewart},
   journal = ipl,
   pages = {167-170},
   title = {Total domination and transformation},
   volume = {63},
   year = {1997}
}

@incollection{KSS91,
   author = {V.R. Kulli and S.C. Sigarkanti and N.D. Soner},
   booktitle = {Advances in Graph Theory},
   editor = {V.R. Kulli},
   pages = {237-243},
   publisher = {Vishwa International Publications},
   title = {Entire domination in graphs},
   year = {1991}
}

@InProceedings{KTV02,
  author = 	 {J. Kratochv\'{\i}l and Z. Tuza and M. Voigt},
  title = 	 {On the b-chromatic number of graphs},
  booktitle = 	 {Proceedings of WG 2002: the 28th International
                  Workshop on Graph-Theoretic Concepts in
                  Computer Science},
  volume = 	 {?},
  series =       {Lecture Notes in Computer Science},
  year = 	 {2002},
  publisher =    {Springer},
}

@article{KYK80,
   author = {T. Kikuno and N. Yoshida and Y. Kakuda},
   journal = {Transactions of the Institute of Electronics and Communication Engineers of Japan},
   number = {6},
   pages = {443-444},
   title = {The {NP}-completeness of the dominating set problem in cubic planar graphs},
   volume = {E63},
   year = {1980}
}

@PHDTHESIS{Kan01,
  AUTHOR = "I. Kanj",
  TITLE = "Vertex Cover: Exact and Approximation Algorithms and Applications",
  SCHOOL = "Texas A\& M University",
  YEAR = 2001,
  type = "PhD Thesis"
}

@Article{Kan94,
  author =  {V. Kann},
  title =   {Maximum bounded {H}-matching is {MAX SNP}-complete},
  journal = ipl,
  year =    {1994},
  volume =  {49},
  pages =   {309-318}
}

@incollection{Kar72,
   author = {R.M. Karp},
   booktitle = {Complexity of Computer Computations},
   editor = {R.E. Miller and J.W. Thatcher},
   pages = {85-103},
   publisher = {Plenum Press},
   title = {Reducibility Among Combinatorial Problems},
   year = {1972}
}

@article{Kar84,
   author = {N. Karmarkar},
   journal = {Combinatorica},
   number = {4},
   pages = {373-395},
   title = {A new polynomial-time algorithm in linear programming},
   volume = {4},
   year = {1984}
}

@Article{Kat72,
  author = 	 {G.O.H. Katona},
  title = 	 {A simple proof of the {E}rd\"os-{C}hao {K}o-{R}ado theorem},
  journal = 	 {Journal of Combinatorial Theory Series B},
  year = 	 {1972},
  volume = 	 {13},
  pages = 	 {183-184}
}

@article{Kat93,
   author = {A. Kato},
   journal = {Japan Journal of Industrial and Applied Mathematics},
   pages = {1-19},
   title = {Complexity of the sex-equal stable marriage problem},
   volume = {10},
   year = {1993}
}

@Unpublished{Kaz02,
  author = 	 {D. Kazakov},
  title = 	 {Co-ordination of student-project allocation},
  note = 	 {Manuscript, University of York, Department of Computer Science},
  year = 	 {2002}
}

@article{Kei93,
   author = {J.M. Keil},
   journal = dam,
   number = {1},
   pages = {51-63},
   title = {The complexity of domination problems in circle graphs},
   volume = {42},
   year = {1993}
}

@article{Kha79,
   author = {L.G. Khachiyan},
   journal = {Soviet Mathematics Doklady},
   number = {1},
   pages = {191-194},
   title = {A polynomial algorithm in linear programming},
   volume = {20},
   year = {1979}
}

@book{Kin90,
   author = {J.H. Kingston},
   address = {Sydney},
   publisher = {Addison-Wesley},
   title = {Algorithms and data structures},
   year = {1990}
}

@Book{Knu76,
  author = 	 {D.E. Knuth},
  title = 	 {Mariages Stables},
  publisher = 	 {Les Presses de L'Universit\'{e} de Montr\'{e}al},
  year =         {1976}, 
  note =         {English translation in \emph{Stable Marriage and its Relation to Other Combinatorial Problems}, volume 10 of CRM Proceedings and Lecture Notes, American Mathematical Society, 1997}
}

@book{Knu77,
   author = {D.E. Knuth},
   publisher = {Addison-Wesley},
   series = {The Art of Computer Programming},
   title = {Fundamental Algorithms},
   volume = {1},
   year = {1977}
}

@Book{Knu97,
  author = 	 {D.E. Knuth},
  title = 	 {Stable Marriage and its Relation to Other Combinatorial Problems},
  publisher = 	 {American Mathematical Society},
  year = 	 {1997},
  volume = 	 {10},
  series = 	 {CRM Proceedings and Lecture Notes},
  note =         {English translation of \emph{Mariages Stables}, Les Presses de 
L'Universit\'{e} de Montr\'{e}al, 1976},
}

@article{Kra98,
   author = {D. Kratsch},
   journal = {{\em To appear in} Discrete Applied Mathematics},
   title = {Domination and total domination in asteroidal triple-free graphs}
}

@article{Kre88,
   author = {M.W. Krentel},
   journal = jcss,
   number = {3},
   pages = {490-509},
   title = {The complexity of optimization problems},
   volume = {36},
   year = {1988}
}

@inproceedings{Kre89,
   author = {M.W. Krentel},
   booktitle = {Proceedings of FOCS '89: the 30th Annual IEEE Symposium on Foundations of Computer Science},
   pages = {216-221},
   publisher = {IEEE Computer Society},
   title = {Structure in locally optimal solutions},
   year = {1989}
}

@article{Kre90,
   author = {M.W. Krentel},
   journal = sjc,
   number = {4},
   pages = {742-749},
   title = {On finding and verifying locally optimal solutions},
   volume = {19},
   year = {1990}
}

@inproceedings{LG06,
   author = {M. Lewenstein and Z. Gotthilf},
   title = {Tighter Approximations on Greedy for Maximum Induced Matchings in Regular Graphs},
   booktitle = {Proceedings of WAOA '05: the 3rd Workshop on Approximation and Online Algorithms},
   series = {Lecture Notes in Computer Science},
   volume = {3879},
   publisher = {Springer},
   year = {2006}
}

@article{LK73,
   author = {S. Lin and B. Kernighan},
   journal = {Operations Research},
   pages = {498-516},
   title = {An effective heuristic for the traveling-salesman problem},
   volume = {21},
   year = {1973}
}

@incollection{LLP84,
   author = {M. Lesk and M.D. Plummer and W.R. Pulleyblank},
   booktitle = {Graph Theory and Combinatorics},
   chapter = {21},
   editor = {B. Bollob\'{a}s},
   pages = {239-254},
   publisher = {Academic Press},
   title = {Equi-matchable graphs},
   year = {1984}
}

@Article{LP01,
  author = 	 {I.J. Lustig and J. Puget},
  title = 	 {Program does not equal program: constraint programming and its relationship to mathematical programming},
  journal =  {Interfaces},
  volume =   {31},
  pages =    {29-53},
  year = 	 {2001},
}

@techreport{LP83,
   author = {R.C. Laskar and J. Pfaff},
   institution = {Clemson University, Department of Mathematical Sciences},
   journal = {Technical Report 430, Department of Mathematical Sciences, Clemson University},
   number = {430},
   title = {Domination and Irredundance in Split Graphs},
   year = {1983}
}

@book{LP86,
   author = {L. Lov\'{a}sz and M.D. Plummer},
   number = {29},
   publisher = {North-Holland},
   series = {Annals of Discrete Mathematics},
   title = {Matching Theory},
   year = {1986}
}

@article{LPHH84,
   author = {R.C. Laskar and J. Pfaff and S.M. Hedetniemi and S.T. Hedetniemi},
   journal = {SIAM Journal on Algebraic and Discrete Methods},
   number = {3},
   pages = {420-425},
   title = {On the algorithmic complexity of total domination},
   volume = {5},
   year = {1984}
}

@Article{LR03,
  author = 	 {V. Lozin and D. Rautenbach},
  title = 	 {Some results on graphs without long induced paths},
  journal = 	 ipl,
  year = 	 {2003},
  pages = 	 {167-171}
}

@inproceedings{LR92,
   author = {H-I Lu and R. Ravi},
   booktitle = {Proceedings of the 30th Annual Allerton Conference on Communication, Control and Computing},
   month = oct,
   pages = {533-542},
   publisher = {University of Illinois at Urbana-Champaign},
   title = {The power of local optimization: approximation algorithms for maximum-leaf spanning tree},
   year = {1992}
}

@techreport{LR96,
   author = {H-I Lu and R. Ravi},
   institution = {Brown University, Department of Computing Science},
   number = {CS-96-06},
   title = {A near-linear-time approximation algorithm for maximum-leaf spanning tree},
   year = {1996}
}

@article{LR98,
   author = {H-I Lu and R. Ravi},
   journal = jalgs,
   pages = {132-141},
   title = {Approximating maximum leaf spanning trees in almost linear time},
   year = {1998}
}

@book{Law76,
   author = {E.L. Lawler},
   publisher = {Halt, Rinehart and Winston},
   title = {Combinatorial Optimization: Networks and Matroids},
   year = {1976}
}

@article{Lev73,
   author = {L.A. Levin},
   journal = {Problemy Peredaci Informacii},
   note = {English translation in {\em Problems of Information Transmission} 9:265-266, 1973.},
   pages = {115-116},
   title = {Universal sorting problems},
   volume = {9},
   year = {1973 (in Russian).}
}

@Article{Lic82,
  author = 	 {D. Lichtenstein},
  title = 	 {Planar formulae and their uses},
  journal = 	 sjc,
  year = 	 {1982},
  volume = 	 {11},
  number = 	 {2},
  pages = 	 {329-343}
}

@article{Lin65,
   author = {S. Lin},
   journal = {Bell System Technical Journal},
   number = {2},
   pages = {2245-2269},
   title = {Computer solutions of the traveling salesman problem},
   volume = {44},
   year = {1965}
}

@book{Liu68,
   author = {C.L. Liu},
   publisher = {McGraw-Hill},
   title = {Introduction to Combinatorial Mathematics},
   year = {1968}
}

@MastersThesis{Low97,
  author = 	 {G.M. Low},
  title = 	 {Matching medical students to hospital posts in the {W}est of {S}cotland},
  school = 	 {University of Glasgow, Department of Computing Science},
  year = 	 1997
}

@Article{Loz02,
  author = 	 {V.V. Lozin},
  title = 	 {On maximum induced matchings in bipartite graphs},
  journal = 	 ipl,
  year = 	 {2002},
  volume = 	 {81},
  pages = 	 {7-11}
}

@unpublished{Lue76,
   author = {G. Lueker},
   note = {Manuscript, Princeton University},
   year = {1976}
}

@Unpublished{MA02,
  author = 	 {D.F. Manlove and D.J. Abraham},
  title = 	 {A reduction from {S}table {R}oommates to {S}table {M}arriage},
  note = 	 {Unpublished manuscript},
  year = 	 {2002}
}

@article{MB87,
   author = {H. Muller and A. Brandst\"{a}dt},
   journal = tcs,
   pages = {257-265},
   title = {The {NP}-completeness of {\sc steiner tree} and {\sc dominating set} for chordal bipartite graphs},
   volume = {53},
   year = {1987}
}

@article{MC87,
   author = {C.M. Mynhardt and E.J. Cockayne},
   journal = {Ars Combinatoria},
   pages = {195-206},
   title = {$k$-minimal domination numbers of cycles},
   volume = {23A},
   year = {1987}
}

@Article{MCS07,
  author = 	 {E. McDermid and C. Cheng and I. Suzuki},
  title = 	 {Hardness results on the man-exchange stable marriage problem with short preference lists},
  journal = 	 ipl,
  year = 	 {2007},
  volume = 	 {101},
  pages = 	 {13-19}
}

@inproceedings{MH77,
   author = {S. Mitchell and S.T. Hedetniemi},
   booktitle = {Proceedings of the 8th South-Eastern Conference on Combinatorics, Graph Theory and Computing},
   pages = {489-509},
   publisher = {Utilitas Mathematica},
   title = {Edge domination in trees},
   year = {1977}
}

@inproceedings{MHG75,
   author = {S.L. Mitchell and S.T. Hedetniemi and S. Goodman},
   booktitle = {Proceedings of the 6th South-Eastern Conference on Combinatorics, Graph Theory and Computing},
   pages = {467-483},
   publisher = {Utilitas Mathematica},
   title = {Some linear algorithms on trees},
   year = {1975}
}

@Article{MIIMM02,
  author = 	 {D.F. Manlove and R.W. Irving and K. Iwama and S. Miyazaki and Y. Morita},
  title = 	 {Hard variants of stable marriage},
  journal = 	 tcs,
  volume =       {276},
  number =        {1-2},
  pages =        {261-279},
  year = 	 {2002},
}

@TechReport{MIIMM99,
  author = 	 {D.F. Manlove and R.W. Irving and K. Iwama and S. Miyazaki and Y. Morita},
  title = 	 {Hard variants of stable marriage},
  institution =  {University of Glasgow, Department of Computing Science},
  year = 	 {1999},
  number = 	 {TR-1999-43},
  month = 	 {September}
}

@Article{MM04,
  author = 	 {M. Middendorf and D.F. Manlove},
  title = 	 {Combined Super-/Substring and Super-/Subsequence Problems},
  journal = 	 tcs,
  year = 	 {2004},
  volume = 	 {320},
  number = 	 {2-3},
  pages = 	 {247-267}
}

@Misc{MM06,
  author = 	 {D.F. Manlove and S. Mittal},
  title = 	 {Size versus stability in the {M}arriage problem},
  howpublished = {Unpublished manuscript},
  year = 	 {2006}
}

@Unpublished{MM06a,
  author = 	 {K. Mehlhorn and D. Michail},
  title = 	 {Network problems with non-polynomial weights and applications},
  note = 	 {Unpublished manuscript},
  year = 	 {2006}
}

@article{MM75,
   author = {A. Meir and J.W. Moon},
   journal = {Pacific Journal of Mathematics},
   number = {1},
   pages = {225-233},
   title = {Relations between packing and covering numbers of a tree},
   volume = {61},
   year = {1975}
}

@article{MM93,
   author = {U. Manber and G. Myers},
   journal = sjc,
   number = {5},
   pages = {935-948},
   title = {Suffix Arrays - A New Method for On-line String Algorithms},
   volume = {22},
   year = {1993}
}

@article{MN80,
   author = {J.D. McFall and R. Nowakowski},
   journal = {Congressus Numerantium},
   pages = {639-656},
   title = {Strong independence in graphs},
   volume = {29},
   year = {1980}
}

@book{MN99,
   author = {K. Mehlhorn and S. Naher},
   publisher = {Cambridge University Press},
   title = {LEDA: A Platform for Combinatorial and Geometric Computing},
   year = {1999}
}

@InProceedings{MO05,
  author = 	 {D.F. Manlove and G. O'Malley},
  title = 	 {Modelling and solving the stable marriage problem using constraint programming},
  booktitle = 	 {Proceedings of the 5th Workshop on Modelling and Solving Problems with Constraints, held at IJCAI '05: the 19th International Joint Conference on Artificial Intelligence},
  pages = 	 {10-17},
  year = 	 {2005}
}

@TechReport{MO05a,
  author = 	 {D.F. Manlove and G. O'Malley},
  title = 	 {Modelling and solving the stable marriage problem using constraint programming},
  institution =  {University of Glasgow, Department of Computing Science},
  number = 	 {TR-2005-192},
  year = 	 {2005},
  month =        {April}
}

@InProceedings{MO05b,
  author = 	 {D.F. Manlove and G. O'Malley},
  title = 	 {Student project allocation with preferences over projects},
  booktitle = 	 {Proceedings of ACiD 2005: the 1st Algorithms and Complexity in Durham workshop},
  volume =       {4},
  series =       {Texts in Algorithmics},
  pages =        {69-80},
  publisher =    {KCL Publications},
  year =         {2005}
}

@article{MO08,
  author = 	 {D.F. Manlove and G. O'Malley},
  title = 	 {Student project allocation with preferences over projects},
  journal =      {Journal of Discrete Algorithms, \emph{to appear}},
  year =         {2008}
}

@InProceedings{MOPU05,
  author = 	 {D.F. Manlove and G. O'Malley and P. Prosser and C. Unsworth},
  title = 	 {A {C}onstraint {P}rogramming {A}pproach to the {H}ospitals / {R}esidents {P}roblem},
  booktitle = 	 {Proceedings of the 4th Workshop on Modelling and Reformulating Constraint Satisfaction Problems, held at CP '05: the 11th International Conference on Principles and Practice of Constraint Programming},
  pages =        {28-43},
  year = 	 {2005}
}

@TechReport{MOPU05a,
  author = 	 {D.F. Manlove and G. O'Malley and P. Prosser and C. Unsworth},
  title = 	 {A {C}onstraint {P}rogramming {A}pproach to the {H}ospitals / {R}esidents {P}roblem},
  institution =  {University of Glasgow, Department of Computing Science},
  number = 	 {TR-2005-196},
  year = 	 {2005},
  month =        {August}
}

@InProceedings{MOPU07,
  author = 	 {D.F. Manlove and G. O'Malley and P. Prosser and C. Unsworth},
  title = 	 {A {C}onstraint {P}rogramming {A}pproach to the {H}ospitals / {R}esidents {P}roblem},
  booktitle = 	 {Proceedings of CP-AI-OR 2007: the 4th International Conference on Integration of AI and OR Techniques in Constraint Programming for Combinatorial Optimization},
  series =       {Lecture Notes in Computer Science},
  volume =       {4510},
  pages =        {155-170},
  publisher =    {Springer},
  year = 	 {2007}
}

@inproceedings{MRR06,
  AUTHOR = {D. M\"olle and S. Richter and P. Rossmanith},
  TITLE = {A Faster Algorithm for the {S}teiner {T}ree Problem},
  BOOKTITLE = {Proceedings of STACS 2006: the 23rd Annual Symposium on Theoretical Aspects of 
               Computer Science},
  YEAR = {2006},
  volume = {3884},
  series = {Lecture Notes in Computer Science},
  pages = {561-570},
  publisher = {Springer}
}

@inproceedings{MRR06a,
  AUTHOR = {D. M\"olle and S. Richter and P. Rossmanith},
  TITLE = {Enumerate and Expand: Improved Algorithms for Connected Vertex Cover and Tree Cover},
  BOOKTITLE = {Proceedings of CSR '06: International Computer Science Symposium in Russia},
  YEAR = {2006},
  volume = {3967},
  series = {Lecture Notes in Computer Science},
  pages = {280-290},
  publisher = {Springer}
}

@inproceedings{MRR06b,
  AUTHOR = {D. M\"olle and S. Richter and P. Rossmanith},
  TITLE = {Enumerate and Expand: New Runtime Bounds for Vertex Cover Variants},
  BOOKTITLE = {Proceedings of COCOON 2006: the 12th Annual International Computing and Combinatorics Conference {\em (to appear)}},
  YEAR = {2006},
  series = {{\em Lecture Notes in Computer Science}},
  publisher = {Springer}
}

@InProceedings{MS06,
  author = 	 {D.F. Manlove and C.T.S. Sng},
  title = 	 {Popular matchings in the {C}apacitated {H}ouse {A}llocation problem},
  booktitle = 	 {Proceedings of ESA '06: the 14th Annual European Symposium on Algorithms},
  pages = 	 {492-503},
  year = 	 {2006},
  volume = 	 {4168},
  series = 	 {Lecture Notes in Computer Science},
  publisher =    {Springer}
}

@techreport{MS06a,
  author = 	 {D.F. Manlove and C.T.S. Sng},
  title = 	 {Popular matchings in the {C}apacitated {H}ouse {A}llocation problem},
  institution =  {University of Glasgow, Department of Computing Science},
  year = 	 {2006},
  number = 	 {TR-2006-222}
}

@techreport{MS77,
   author = {D. Maier and J.A. Storer},
   address = {Princeton, NJ},
   institution = {Princeton University, Department of Electrical Engineering and Computer Science},
   month = oct,
   number = {233},
   title = {A note on the complexity of the superstring problem},
   year = {1977}
}

@misc{MTAS07,
   key = {MTAS},
   title = {{\tt https://www.mtas.nhs.uk/round_info/53/match_fs.html}
            (MTAS website}
}

@InProceedings{MV80,
  author = 	 {S. Micali and V.V. Vazirani},
  booktitle = 	 {Proceedings of FOCS '80:  the 21st Annual IEEE Symposium on Foundations of Computer Science},
  title = 	 {An {$O(\sqrt{|V|} \cdot |E|)$} algorithm for finding maximum matching in general graphs},
  pages = 	 {17-27},
  year = 	 {1980},
  publisher =    {IEEE Computer Society}
}

@article{MV84,
   author = {F. Milazzo and V. Vacirca},
   journal = {Bollettino Della Unione Matematica Italina},
   number = {1},
   pages = {151-157},
   title = {On the total $s$-chromatic number of important classes of complete antisymmetric diagraphs},
   volume = {3A},
   year = {1984}
}

@article{MW71,
   author = {D. Mc{V}itie and L.B. Wilson},
   journal = cacm,
   pages = {486-490},
   title = {The stable marriage problem},
   volume = {14},
   year = {1971}
}

@article{Mac77,
  author = {A.K. Mackworth},
  title = {Consistency in networks of relations},
  journal = {Artificial Intelligence},
  volume = 8,
  pages = {99-118},
  year = 1977}

@MastersThesis{Mah00,
  author = 	 {M. Mahdian},
  title = 	 {The Strong Chromatic Index of Graphs},
  school = 	 {Department of Computer Science, University of Toronto},
  year = 	 {2000}
}

@Article{Mah02,
  author = 	 {M. Mahdian},
  title = 	 {On the computational complexity of strong edge coloring},
  journal = 	 dam,
  year = 	 {2002},
  volume = 	 {118},
  pages = 	 {239-248}
}

@InProceedings{Mah06,
  author = 	 {M. Mahdian},
  title = 	 {Random popular matchings},
  booktitle = 	 {Proceedings of EC '06: the 7th ACM Conference on Electronic Commerce},
  pages =        {238-242},
  publisher =    {ACM},
  year =         {2006}
}

@article{Mai78,
   author = {D. Maier},
   journal = jacm,
   pages = {322-336},
   title = {The Complexity of Some Problems on Subsequences and Supersequences},
   volume = {25},
   year = {1978}
}

@phdthesis{Maj92,
   author = {A. Majumdar},
   school = {Clemson University, Department of Mathematical Sciences},
   title = {Neighborhood hypergraphs: a framework for covering and packing parameters in a graph},
   year = {1992}
}

@inproceedings{Mal04,
   author = {V.S. Malhotra},
   booktitle = {Proceedings of ESA '04: the Twelfth Annual European Symposium on Algorithms},
   pages = {508-519},
   publisher = {Springer},
   series = {Lecture Notes in Computer Science},
   title = {On the stability of multiple partner stable marriages with ties},
   volume = {3221},
   year = {2004}
}

@Article{Man02,
  author = 	 {D.F. Manlove},
  title = 	 {The structure of stable marriage with indifference},
  journal = 	 dam,
  year = 	 {2002},
  volume =       {122},
  number =       {1-3},
  pages =        {167-181}
}

@techreport{Man97,
   author = {D.F. Manlove},
   institution = {University of Glasgow, Department of Computing Science},
   journal = {Unpublished manuscript},
   number = {TR-1997-15},
   title = {On the algorithmic complexity of twelve covering and independence parameters of graphs},
   year = {1997}
}

@techreport{Man97c,
   author = {D.F. Manlove},
   institution = {University of Glasgow, Department of Computing Science},
   journal = {{\em Unpublished manuscript}},
   number = {TR-1997-33},
   title = {On the 2-maximal independence number of a graph},
   year = {1997}
}

@phdthesis{Man98,
   author = {D.F. Manlove},
   school = {University of Glasgow, Department of Computing Science},
   title = {Minimaximal and maximinimal optimisation problems: a partial order-based approach},
   year = {1998}
}

@unpublished{Man98GC,
   author = {D.F. Manlove},
   note = {Manuscript},
   title = {Partial orders defined on graph colourings},
   year = {1998}
}

@TechReport{Man99,
  author = 	 {D.F. Manlove},
  title = 	 {Stable marriage with ties and unacceptable partners},
  institution =  {University of Glasgow, Department of Computing Science},
  year = 	 {1999},
  number = 	 {TR-1999-29},
  month = 	 {January}
}

@Article{Man99b,
  author = 	 {D.F. Manlove},
  title = 	 {On the algorithmic complexity of twelve covering and independence parameters of graphs},
  journal = 	 dam,
  year = 	 {1999},
  volume = 	 {91},
  pages =        {155-175}
}

@book{McH90,
   author = {J.A. McHugh},
   publisher = {Prentice-Hall International},
   title = {Algorithmic Graph Theory},
   year = {1990}
}

@phdthesis{McR94,
   author = {A.A. McRae},
   school = {Clemson University, Department of Computer Science},
   title = {Generalizing {NP}-completeness proofs for bipartite and chordal graphs},
   year = {1994}
}

@Unpublished{Mcc06,
  author = 	 {R.M. McCutcheon},
  title = 	 {Least-unpopularity-factor matching},
  note = 	 {Unpublished manuscript},
  year = 	 {2006}
}

@MastersThesis{Mee99,
  author = 	 {M.J. Meenan},
  title = 	 {The two hospital-applicant problem},
  school = 	 {University of Glasgow, Department of Computing Science},
  year = 	 {1999}
}

@article{Mei78,
   author = {A. Meir},
   journal = {Journal of Combinatorial Theory, Series B},
   pages = {164-168},
   title = {On total covering and matching of graphs},
   volume = {24},
   year = {1978}
}

@phdthesis{Men74,
   author = {D. Meng},
   school = {Michigan State University},
   title = {Matchings and coverings for graphs},
   year = {1974}
}

@article{Mer05,
  author={S. Mertens},
  title={Random stable matchings},
  journal={Journal of Statistical Mechanics: Theory and Experiment},
  volume={2005},
  number={10},
  pages={P10008},
  url={http://stacks.iop.org/1742-5468/2005/P10008},
  year={2005},
}

@InProceedings{Mes06,
  author = 	 {J. Mestre},
  title = 	 {Weighted popular matchings},
  booktitle = 	 {Proceedings of ICALP '06: the 33rd International Colloquium on Automata, Languages and Programming},
  volume =       {4051},
  pages =        {715-726},
  year = 	 {2006},
  series = 	 {Lecture Notes in Computer Science},
  publisher =    {Springer}
}

@article{Mid94,
   author = {M. Middendorf},
   journal = tcs,
   number = {2},
   pages = {205-228},
   title = {More on the Complexity of Common Substring and Superstring Problems},
   volume = {125},
   year = {1994}
}

@article{Mid95,
   author = {M. Middendorf},
   journal = tcs,
   pages = {317-327},
   title = {On Finding Minimal, Maximal and Consistent Sequences over a Binary Alphabet},
   volume = {145},
   year = {1995}
}

@book{Mor94,
   author = {C. Morgan},
   edition = {2nd},
   publisher = {Prentice-Hall International},
   title = {Programming from Specifications},
   year = {1994}
}

@Article{Muk97,
  author = 	 {M. Mukerjee},
  title = 	 {Medical mismatch},
  journal = 	 {Scientific American},
  year = 	 {1997},
  volume = 	 {276},
  pages = 	 {40-41}
}

@article{Myn88,
   author = {C.M. Mynhardt},
   journal = {Quaestiones Mathematicae},
   pages = {383-398},
   title = {Generalised maximal independence and clique numbers of graphs},
   volume = {11},
   year = {1988}
}

@article{NG56,
   author = {E.A. Nordhaus and J.W. Gaddum},
   journal = {American Mathematical Monthly},
   pages = {175-177},
   title = {On complementary graphs},
   volume = {63},
   year = {1956}
}

@article{NH90,
   author = {C. Ng and D.S. Hirschberg},
   journal = sjc,
   pages = {71-77},
   title = {Lower bounds for the stable marriage problem and its variants},
   volume = {19},
   year = {1990}
}

@article{NH91,
   author = {C. Ng and D.S. Hirschberg},
   journal = sjdm,
   pages = {245-252},
   title = {Three-dimensional stable matching problems},
   volume = {4},
   year = {1991}
}

@InProceedings{NL06,
  author = 	 {K. Ning and H.W. Leong},
  title = 	 {The distribution and deposition algorithm for multiple oligo nucleotide arrays},
  booktitle = 	 {Proceedings of GIW 2006: the 17th International Conference on Genome Informatics},
  pages = 	 {89-99},
  year = 	 {2006},
  publisher =    {Universal Academy Press}
}

@misc{NR04,
  author = 	 {M. Niederle and A.E. Roth},
  title = 	 {Market Culture: How Norms Governing Explording Offers affect Market Performance},
  howpublished = {National Bureau of Economic Research (Cambridge, MA) working paper 10256},
  month = 	 {January},
  year = 	 {2004},
  note =         {\verb+http://www.nber.org/papers/w10256+.}
}

@article{NR59,
   author = {R.Z. Norman and M.O. Rabin},
   journal = {Proceedings of the American Mathematical Society},
   pages = {315-319},
   title = {An algorithm for a minimum cover of a graph},
   volume = {10},
   year = {1959}
}

@misc{NRMP1,
   key = {NRMP1},
   author = {National Resident Matching Program},
   title = {About the {NRMP}},
   howpublished = {{W}eb document available at
\verb+http://www.nrmp.org/about_nrmp/how.html+.}
}

@misc{NRMP2,
   key = {NRMP2},
   author = {National Resident Matching Program},
   title = {Why the {M}atch?},
   howpublished = {{W}eb document available at
\verb+http://www.nrmp.org/whythematch.pdf+.}
}

@Article{NRT05,
  author = 	 {N. Nishimura and P. Ragde and D.M. Thilikos},
  title = 	 {Fast fixed-paramter tractable algorithms for nontrival
                  generalizations of vertex cover},
  journal = 	 dam,
  year = 	 {2005},
  volume = 	 {152},
  pages = 	 {229-245}
}

@article{Nie74,
   author = {J. Nieminen},
   journal = {Journal of the Institute of Mathematics and its Applications},
   pages = {183-187},
   title = {Two bounds for the domination number of a graph},
   volume = {14},
   year = {1974}
}

@Article{Nie98,
  author = 	 {Th.M. Nieuwenhuizen},
  title = 	 {The marriage problem and the fate of bachelors},
  journal = 	 {Physica A},
  year = 	 {1998},
  volume = 	 {252},
  pages = 	 {178-198}
}

@inproceedings{Nor76,
   author = {E.A. Nordhaus},
   booktitle = {Proceedings of the International Conference on the Theory and Applications of Graphs},
   pages = {420-425},
   series = {Lecture Notes in Mathematics},
   title = {Generalizations of graphical parameters},
   volume = {642},
   year = {1976}
}

@techreport{OM87,
   author = {P. Orponen and H. Mannila},
   institution = {University of Helsinki, Department of Computer Science},
   number = {C-1987-28},
   title = {On approximation preserving reductions: complete problems and robust measures},
   year = {1987}
}

@book{Ore62,
   author = {O. Ore},
   address = {Rhode Island},
   journal = {Amer. Math. Soc. Colloq. Publ. 38 {\em (Amer. Math. Soc., Providence, RI)}},
   pages = {206-212},
   publisher = {American Mathematical Society},
   series = {American Mathematical Society Colloquium Publications},
   title = {Theory of Graphs},
   volume = {38},
   year = {1962}
}

@Article{PI94,
  author = 	 {B.G. Pittel and R.W. Irving},
  title = 	 {An upper bound for the solvability probability of a random stable roommates instance},
  journal = 	 {Random Structures and Algorithms},
  year = 	 {1994},
  volume = 	 {5},
  number = 	 {3},
  pages = 	 {465-486}
}

@techreport{PLH83,
   author = {J. Pfaff and R.C. Laskar and S.T. Hedetniemi},
   institution = {Clemson University, Department of Mathematical Sciences},
   journal = {Technical Report 428, Department of Mathemetical Sciences, Clemson Univeristy},
   number = {428},
   title = {{NP}-completeness of total and connected domination, and irredundance for bipartite graphs},
   year = {1983}
}

@article{PLH84,
   author = {J. Pfaff and R. Laskar and S.T. Hedetniemi},
   journal = {Congressus Numerantium},
   pages = {71-82},
   title = {Linear algorithms for independent domination and total domination in series-parallel graphs},
   volume = {45},
   year = {1984}
}

@article{PLH86,
   author = {K. Peters and R. Laskar and S. Hedetniemi},
   journal = {Ars Combinatoria},
   pages = {59-70},
   title = {Maximal/minimal connectivity in graphs},
   volume = {21},
   year = {1986}
}

@article{PM81,
   author = {A. Paz and S. Moran},
   journal = tcs,
   pages = {251-277},
   title = {Non deterministic polynomial optimization problems and their approximations},
   volume = {15},
   year = {1981}
}

@inproceedings{PS04,
  AUTHOR = "E. Prieto and C. Sloper",
  TITLE = "Looking at the stars",
  BOOKTITLE = "Proceedings of IWPEC 2004: the 1st International Workshop on Parameterized and Exact Computation",
  YEAR = 2004,
  volume = "3162",
  series = "Lecture Notes in Computer Science",
  pages = "138-148",
  publisher = "Springer",
}

@article{PS06,
  AUTHOR = "E. Prieto and C. Sloper",
  TITLE = "Looking at the stars",
  journal = tcs,
  volume = {351},
  pages = {437-445},
  year = {2006}
}

@article{PS73,
   author = {C.H. Papadimitriou and K. Steiglitz},
   journal = {Operations Research},
   number = {3},
   pages = {434-443},
   title = {Some examples of difficult traveling salesman problems},
   volume = {26},
   year = {1973}
}

@article{PS77,
   author = {C.H. Papadimitriou and K. Steiglitz},
   journal = sjc,
   number = {1},
   pages = {76-83},
   title = {On the complexity of local search for the traveling salesman problem},
   volume = {6},
   year = {1977}
}

@book{PS82,
   author = {C.H. Papadimitriou and K. Steiglitz},
   address = {New Jersey},
   publisher = {Prentice-Hall},
   title = {Combinatorial Optimization: Algorithms and Complexity},
   year = {1982}
}

@article{PS94,
   author = {U. Peled and F. Sun},
   journal = dam,
   pages = {325-330},
   title = {Total matchings and total coverings of threshold graphs},
   volume = {49},
   year = {1994}
}

@article{PY91,
   author = {C.H. Papadimitriou and M. Yannakakis},
   journal = jcss,
   number = {3},
   pages = {425-440},
   title = {Optimization, Approximation and Complexity Classes},
   volume = {43},
   year = {1991}
}

@article{Pap92,
   author = {C.H. Papadimitriou},
   journal = sjc,
   number = {3},
   pages = {450-465},
   title = {The complexity of the {L}in-{K}ernighan heuristic for the traveling salesman problem},
   volume = {21},
   year = {1992}
}

@Book{Pap94,
  author = 	 {C.H. Papadimitriou},
  title = 	 {Computational Complexity},
  publisher = 	 {Addison-Wesley},
  year = 	 {1994}
}

@INPROCEEDINGS{Par02,
  AUTHOR = "O. Parekh",
  TITLE = "Edge domination and hypomatchable sets",
  BOOKTITLE = "Proceedings of SODA '02: the 15th ACM-SIAM Symposium on Discrete Algorithms",
  YEAR = 2002,
  pages = "287--291",
  publisher = "ACM-SIAM"
}

@article{Plu70,
   author = {M.D. Plummer},
   journal = {Journal of combinatorial theory},
   pages = {91-98},
   title = {Some covering concepts in graphs},
   year = {1970}
}

@article{Plu93,
   author = {M.D. Plummer},
   journal = {Quaestiones Mathematicae},
   pages = {253-287},
   title = {Well covered graphs: a survey},
   volume = {16},
   year = {1993}
}

@article{Pol96,
   author = {N. Polat},
   journal = jgt,
   number = {2},
   pages = {189-201},
   title = {Colorings of infinite-graphs without one-colored rays},
   volume = {22},
   year = {1996}
}

@Article{Pro72,
  author = 	 {L.G. Proll},
  title = 	 {A simple method of assigning projects to students},
  journal = 	 {Operational Research Quarterly},
  year = 	 {1972},
  volume = 	 {23},
  number = 	 {2},
  pages = 	 {195-201}
}

@article{Pul87,
   author = {W.R. Pulleyblank},
   journal = dam,
   pages = {51-58},
   title = {Fractional matchings and the {E}dmonds-{G}allai theorem},
   volume = {16},
   year = {1987}
}

@InCollection{Pul95,
  author = 	 {W.R. Pulleyblank},
  title = 	 {Matchings and Extensions},
  booktitle = 	 {Handbook of Combinatorics},
  pages = 	 {179-232},
  publisher =    {North-Holland},
  year = 	 {1995},
  editor = 	 {R.L. Graham and M. Grotschel and L. Lovasz},
  volume = 	 {1},
  chapter =      {3}
}

@Article{QW04,
  author = 	 {T. Quint and J. Wako},
  title = 	 {On Houseswapping, the Strict Core, Segmentation, and Linear Programming},
  journal = 	 {Mathematics of Operations Research},
  year = 	 {2004},
  volume = 	 {29},
  number = 	 {4},
  pages = 	 {861-877}
}

@Article{RP77,
  author = 	 {A.E. Roth and A. Postlewaite},
  title = 	 {Weak versus strong domination in a market with indivisible goods},
  journal = 	 {Journal of Mathematical Economics},
  year = 	 {1977},
  volume = 	 {4},
  pages = 	 {131-137}
}

@article{RRR98,
   author = {V. Raman and B. Ravikumar and S. Srinivasa Rao},
   journal = ipl,
   pages = {1-6},
   title = {A simplified {NP}-complete {MAXSAT} problem},
   volume = {65},
   year = {1998}
}

@Book{RS90,
  author = 	 {A.E. Roth and M.A.O. Sotomayor},
  title = 	 {Two-sided matching: a study in game-theoretic modeling and analysis},
  publisher = 	 {Cambridge University Press},
  year = 	 {1990},
  volume = 	 {18},
  series = 	 {Econometric Society Monographs},
}

@Article{RS95,
  author = 	 {A. Rosa and J. S\hspace{-2.1mm}\v{S}ir\'{a}\v{n}},
  title = 	 {Bipartite labelings of trees and the gracesize},
  journal = 	 jgt,
  year = 	 {1995},
  volume = 	 {19},
  number = 	 {2},
  pages = 	 {201-215}
}

@Article{RSU04,
  author = 	 {A.E. Roth and T. S\"onmez and M. Utku \"Unver},
  title = 	 {Kidney exchange},
  journal = 	 {Quarterly Journal of Economics},
  year = 	 {2004},
  volume = 	 {119},
  issue =        {2},
  pages = 	 {457-488}
}

@Article{RSU05,
  author = 	 {A.E. Roth and T. S\"onmez and M. Utku \"Unver},
  title = 	 {Pairwise kidney exchange},
  journal = 	 {Journal of Economic Theory},
  year = 	 {2005},
  volume = 	 {125},
  pages = 	 {151-188}
}

@article{RU81,
   author = {K.-J. R{\"{a}}ih{\"{a}} and E. Ukkonen},
   journal = tcs,
   pages = {187-198},
   title = {The shortest common superseqence problem over a binary alphabet is {NP}-complete},
   volume = {16},
   year = {1981}
}

@article{Rob94,
   author = {I. Robertson},
   journal = dm,
   pages = {279-286},
   title = {{$T$}-chromatic polynomials},
   volume = {135},
   year = {1994}
}

@Article{Rom01,
  author = 	 {A. Romero-Medina},
  title = 	 {Sex-equal stable matchings},
  journal = 	 {Theory and Decision},
  year = 	 {2001},
  volume = 	 {50},
  number = 	 {3},
  pages = 	 {197-212}
}

@Article{Rom98,
  author = 	 {A.~Romero-Medina},
  title = 	 {Implementation of Stable Solutions in a Restricted Matching Market},
  journal = 	 {Review of Economic Design},
  year = 	 {1998},
  volume = 	 {3},
  number = 	 {2},
  pages = 	 {137-147}
}

@Article{Rom98,
  author = 	 {A. Romero-Medina},
  title = 	 {Implementation of stable solutions in a restricted matching market},
  journal = 	 {Review of Economic Design},
  year = 	 {1998},
  volume = 	 {3},
  pages = 	 {137-147}
}

@phdthesis{Ron86,
   author = {E. Ronn},
   school = {Yale University},
   title = {On the complexity of stable matchings with and without ties},
   year = {1986}
}

@article{Ron90,
   author = {E. Ronn},
   journal = jalgs,
   pages = {285-304},
   title = {{NP}-complete stable matching problems},
   volume = {11},
   year = {1990}
}

@InCollection{Ros67,
  author = 	 {A. Rosa},
  title = 	 {On certain valuations of the vertices of a graph},
  booktitle = 	 {Theory of graphs},
  editor = 	 {P. Rosenstiehl},
  publisher = {Gordon and Breach},
  year = 	 {1967},
  series = 	 {(International Symposium, Rome, July 1966)},
  address = 	 {New York and Dunod, Paris},
  pages = 	 {349-355},
}

@article{Rot03,
   author = {A.E. Roth},
   journal = {Journal of the American Medical Association},
   pages = {909-912},
   title = {The origins, history, and design of the resident match},
   volume = {289},
   year = {2003}
}

@Article{Rot82,
  author = 	 {A.E. Roth},
  title = 	 {Incentive compatibility in a market with indivisible goods},
  journal = 	 {Economics Letters},
  year = 	 {1982},
  volume = 	 {9},
  pages = 	 {127-132}
}

@article{Rot84,
   author = {A.E. Roth},
   journal = {Journal of Political Economy},
   number = {6},
   pages = {991-1016},
   title = {The evolution of the labor market for medical interns and residents: a case study in game theory},
   volume = {92},
   year = {1984}
}

@Article{Rot85,
  author = 	 {A.E. Roth},
  title = 	 {Conflict and coincidence of interest in job matching: some new results and open questions},
  journal = 	 {Mathematics of Operations Research},
  year = 	 {1985},
  volume = 	 {10},
  number = 	 {3},
  pages = 	 {379-389}
}

@article{Rot86,
   author = {A.E. Roth},
   journal = {Econometrica},
   pages = {425-427},
   title = {On the allocation of residents to rural hospitals: a general property of two-sided matching markets},
   volume = {54},
   year = {1986}
}

@article{Rot90,
   author = {A.E. Roth},
   journal = {Science},
   pages = {1524-1528},
   title = {New Physicians: A Natural Experiment in Market Organization},
   volume = {250},
   year = {1990}
}

@article{Rot91,
   author = {A.E. Roth},
   journal = {American Economic Review},
   pages = {415-440},
   title = {A Natural Experiment in the Organization of Entry Level Labor Markets:
            Regional Markets for New Physicians and Surgeons  in the U.K},
   volume = {81},
   year = {1991}
}

@InProceedings{SAZB05,
  author = 	 {M.-C. Silaghi and A. Abhyankar and M. Zanker and R. Bart\'ak},
  title = 	 {Desk-mates (stable matching) with privacy of preferences, 
and a new distributed {CSP} framework},
  booktitle = 	 {Proceedings of  FLAIRS 2005: the 18th International Conference of the Florida Artificial Intelligence Research Society},
  pages = 	 {671-677},
  publisher =    {AIII Press},
  year = 	 {2005}
}

@misc{SFAS,
   key = {SFAS},
   title = {{\tt http://www.nes.scot.nhs.uk/sfas/}
            ({S}cottish {F}oundation {A}llocation {S}cheme website)}
}

@Article{SLK05,
  author = 	 {E. Salehia and S.-M. Lee and M. Khatirinejad},
  title = 	 {{IC}-Colorings and {IC}-Indices of graphs },
  journal = 	 dm,
  year = 	 {2005},
  volume = 	 {299},
  number = 	 {1-3},
  pages = 	 {297-310}
}

@inproceedings{SM07,
  author = 	 {C.T.S. Sng and D.F. Manlove},
  title = 	 {Popular matchings in the weighted capacitated house allocation problem},
  booktitle =    {Proceedings of ACiD 2007: the 3rd Algorithms and Complexity in Durham workshop},
  volume =       {9},
  pages =        {129-140},
  series =       {Texts in Algorithmics},
  publisher =    {College Publications},
  year = 	 {2007}
}

@article{SMNRC95,
   author = {A. Srinivasan and K. Madhukar and P. Nagavamsi and C.P. Rangan and M.S. Chang},
   journal = ipl,
   number = {3},
   pages = {165-171},
   title = {Edge domination on bipartite permutation graphs and cotriangulated graphs},
   volume = {56},
   year = {1995}
}

@article{SN85,
   author = {E. Sampathkumar and P.S. Neeralagi},
   journal = {Indian Journal of Pure and Applied Mathematics},
   number = {2},
   pages = {126-132},
   title = {The neighbourhood number of a graph},
   volume = {16},
   year = {1985}
}

@article{SN86,
   author = {E. Sampathkumar and P.S. Neeralagi},
   journal = {Indian Journal of Pure and Applied Mathematics},
   number = {2},
   pages = {142-149},
   title = {The line neighbourhood number of a graph},
   volume = {17},
   year = {1986}
}

@Article{SS74,
  author = 	 {L. Shapley and H. Scarf},
  title = 	 {On cores and indivisibility},
  journal = 	 {Journal of Mathematical Economics},
  year = 	 {1974},
  volume = 	 {1},
  pages = 	 {23-37}
}

@book{SU97,
   author = {E.R. Scheinerman and D.H. Ullman},
   publisher = {John Wiley and Sons},
   title = {Fractional Graph Theory},
   year = {1997}
}

@Article{SV82,
  author = 	 {L.J. Stockmeyer and V.V. Vazirani},
  title = 	 {{NP}-completeness of some generalizations of the maximum matching problem},
  journal = 	 ipl,
  year = 	 {1982},
  volume = 	 {15},
  number = 	 {1},
  pages = 	 {14-19}
}

@article{SY91,
   author = {A. Sch\"{a}ffer and M. Yannakakis},
   journal = sjc,
   number = {1},
   pages = {56-87},
   title = {Simple local search problems that are hard to solve},
   volume = {20},
   year = {1991}
}

@InProceedings{SZB04,
  author = 	 {M.-C. Silaghi and M. Zanker and R. Bart\'ak},
  title = 	 {Desk-mates (stable matching) with privacy of preferences, 
and a new distributed {CSP} framework},
  booktitle = 	 {Proceedings of the Workshop on CSP Techniques with Immediate Application (CSPIA), held at CP '04: the 10th International Conference on Principles and Practice of Constraint Programming},
  pages = 	 {83-96},
  year = 	 {2004}
}

@Misc{Sal04,
  author = 	 {M.R. Salavatipour},
  title = 	 {A polynomial-time algorithm for strong edge coloring of partial $k$-trees},
  howpublished = {To appear in \emph{Discrete Applied Mathematics}},
  year = 	 {2004}
}

@article{Sav82,
  AUTHOR = "C. Savage",
  TITLE = "Depth-first search and the vertex cover problem",
  JOURNAL = ipl,
  YEAR = 1982,
  volume = 14,
  pages = "233--235"
}

@inproceedings{Sch78,
   author = {T.J. Schaefer},
   address = {New York},
   booktitle = {Proceedings of STOC '78: the 10th Annual ACM Symposium on Theory of Computing},
   pages = {216-226},
   publisher = {ACM},
   title = {The complexity of satisfiability problems},
   year = {1978}
}

@article{Sch92,
   author = {E.R. Scheinerman},
   journal = sjdm,
   pages = {74-80},
   title = {Generalized chromatic-numbers of random graphs},
   volume = {5},
   year = {1992}
}

@Unpublished{Sco02,
  author = 	 {S. Scott},
  title = 	 {The stable fixtures problem with ties under super-stability},
  note = 	 {Manuscript},
  year = 	 {2002}
}

@PhdThesis{Sco05,
  author = 	 {S. Scott},
  title = 	 {A study of stable marriage problems with ties},
  school = 	 {University of Glasgow, Department of Computing Science},
  year = 	 {2005}
}

@MastersThesis{Sco99,
  author = 	 {S. Scott},
  title = 	 {Implementation of matching algorithms},
  school = 	 {University of Glasgow, Department of Computing Science},
  year = 	 {1999}
}

@article{Sim94,
   author = {D. Simchi-Levi},
   journal = {Naval Research Logistics},
   pages = {579-585},
   title = {New worst-case results for the bin-packing problem},
   volume = {41},
   year = {1994}
}

@article{Sla77,
   author = {P.J. Slater},
   journal = {Journal of Research of the National Bureau of Standards},
   number = {3},
   pages = {197-202},
   title = {Enclaveless sets and {MK}-systems},
   volume = {82},
   year = {1977}
}

@article{Sla96,
   author = {P.J. Slater},
   journal = {Bulletin of the Institute of Combinatorics and its Applications},
   pages = {27-37},
   title = {Generalized Graph Parameters: Gallai Theorems {I}},
   volume = {17},
   year = {1996}
}

@incollection{Sla98,
   author = {P.J. Slater},
   booktitle = {Domination in Graphs - Advanced Topics},
   chapter = {1},
   editor = {T.W. Haynes and S.T. Hedetniemi and P.J. Slater},
   pages = {1-29},
   publisher = {Marcel Dekker},
   title = {{LP}-duality, Complementarity and Generality of Graphical Subset Parameters},
   year = {1998}
}

@book{Smi01,
  author = 	 {B.M. Smith},
  title = 	 {Lecture Notes in Constraint Satisfaction and Constraint Programming},
  publisher =    {University of Leeds, School of Computing},
  year = 	 {2001}
}

@misc{Sng07,
  author = 	 {C.T.S. Sng},
  title = 	 {Ph{D} thesis, in preparation},
  note =  	 {University of Glasgow, Department of Computing Science, 2007},
}

@misc{Sol98,
   author = {R. Solis-Oba},
   booktitle = {Proceedings of ESA '98: the 6th Annual European Symposium on Algorithms},
   pages = {441-452},
   publisher = {Springer},
   series = {Lecture Notes in Computer Science},
   title = {2-approximation algorithm for finding a spanning tree with maximum number of leaves},
   volume = {1461},
   year = {1998}
}

@Article{Spi85,
  author = 	 {J. Spinrad},
  title = 	 {On comparability and permutation graphs},
  journal = 	 sjc,
  year = 	 {1985},
  volume = 	 {14},
  number = 	 {3},
  pages = 	 {658-670},
}

@article{Spi95,
   author = {B. Spieker},
   journal = dam,
   pages = {79-84},
   title = {The set of super-stable marriages forms a distributive lattice},
   volume = {58},
   year = {1995}
}

@book{Ste94,
   author = {G.A. Stephen},
   publisher = {World Scientific},
   title = {String Searching Algorithms},
   year = {1994}
}

@Article{Sub94,
  author = 	 {A. Subramanian},
  title = 	 {A New Approach to Stable Matching Problems},
  journal = 	 sjc,
  year = 	 {1994},
  volume = 	 {23},
  number = 	 {4},
  pages = 	 {671-700}
}

@article{Sup85,
   author = {K.J. Supowit},
   journal = ipl,
   pages = {249-252},
   title = {Decomposing a Set of Points into Chains, with Applications to Permutations and Circle Graphs},
   volume = {20},
   year = {1985}
}

@book{Sut75,
   author = {W.A. Sutherland},
   publisher = {Oxford University Press},
   title = {Introduction to metric and topological spaces},
   year = {1975}
}

@Article{TH95,
  author = 	 {J.J.M. Tan and Y.-C. Hsueh},
  title = 	 {A generalization of the stable matching problem},
  journal = 	 dam,
  year = 	 {1995},
  volume = 	 {59},
  pages = 	 {87-102}
}

@Article{TH98,
  author = 	 {C.Y. Teo and D.J. Ho},
  title = 	 {A Systematic Approach to the Implementation of Final Year Project
in an Electrical Engineering Undergraduate Course},
  journal = 	 {IEEE Transactions on Education},
  year = 	 {1998},
  volume = 	 {41},
  number = 	 {1},
  pages = 	 {25-30}
}

@misc{TI06,
   author = {J. Takeda and Y. Ito},
   title = {Stable two-sided matching algorithm applicable to variable size elements},
   note = {Unpublished manuscript},
   year = {2006}}

@inproceedings{TP93,
   author = {J.A. Telle and A. Proskurowski},
   booktitle = {Proceedings of WADS '93: the 3rd Workshop on Algorithms and Data Structures},
   pages = {610-621},
   publisher = {Springer},
   series = {Lecture Notes in Computer Science},
   title = {Practical algorithms on partial $k$-trees with an application to domination-type problems},
   volume = {709},
   year = {1993}
}

@InProceedings{TST99,
  author = 	 {C.-P. Teo and J. Sethuraman and W.-P. Tan},
  title = 	 {{G}ale-{S}hapley stable marriage problem revisited: strategic issues 
                  and applications},
  booktitle = 	 {Proceedings of IPCO '99: the 7th Conference on Integer Programming and Combinatorial Optimization},
  volume = 	 {1610},
  series = 	 {Lecture Notes in Computer Science},
  year = 	 {1999},
  pages = 	 {429-438}
}

@article{TV95,
   author = {J. Topp and P.D. Vestergaard},
   journal = dam,
   pages = {267-276},
   title = {Well-irredundant graphs},
   volume = {63},
   year = {1995}
}

@article{TV97,
   author = {J. Topp and P.D. Vestergaard},
   journal = dm,
   pages = {285-290},
   title = {Totally equimatchable graphs},
   volume = {164},
   year = {1997}
}

@Article{Tan90,
  author = 	 {J.J.M. Tan},
  title = 	 {A maximum stable matching for the roommates problem},
  journal =      {BIT},
  year = 	 {1990},
  volume = 	 {29},
  pages = 	 {631-640}
}

@Article{Tan91,
  author = 	 {J.J.M. Tan},
  title = 	 {A necessary and sufficient condition for the
existence of a complete stable matching},
  journal =      jalgs,
  year = 	 {1991},
  volume = 	 {12},
  pages = 	 {154-178}
}

@Article{Tan91a,
  author = 	 {J.J.M. Tan},
  title = 	 {Stable matchings and stable partitions},
  journal =      {International Journal of Computer Mathematics},
  year = 	 {1991},
  volume = 	 {39},
  pages = 	 {11-20}
}

@article{Tel94,
   author = {J.A. Telle},
   journal = {Nordic Journal of Computing},
   pages = {157-171},
   title = {Complexity of domination-type problems in graphs},
   volume = {1},
   year = {1994}
}

@Misc{Tho03,
  author = 	 {M. Thorn},
  title = 	 {A constraint programming approach to the student-project allocation problem},
  howpublished = {BSc Honours project report, University of York, Department of Computer Science},
  year = 	 {2003}
}

@Misc{Tho04,
  author = 	 {A. Thomson},
  title = 	 {An empirical study of the stable roommates problem},
  howpublished = {BSc Honours project report, University of Glasgow, Department of Computing Science},
  year = 	 {2004}
}

@article{Tho94,
   author = {C. Thomassen},
   journal = {Journal of Combinatorial Theory, Series B},
   number = {1},
   pages = {180-181},
   title = {Every planar graph is $5$-choosable},
   volume = {62},
   year = {1994}
}

@article{Thu02,
    author = "E.G. Thurber",
    title = "Concerning the maximum number of stable matchings in the stable marriage problem",
    journal = "Discrete Applied Mathematics",
    volume = "248",
    pages = "195--219",
    year = "2002"}

@article{Tim89,
   author = {V.G. Timkovskii},
   journal = {Kibernetika},
   month = {Sept-Oct},
   note = {English translation in {\em Cybernetics}, 25:565-580, 1990.},
   pages = {1-13},
   title = {Complexity of common subsequence and supersequence problems and related problems},
   volume = {5},
   year = {1989 (in Russian).}
}

@article{Top93,
   author = {J. Topp},
   journal = dm,
   pages = {199-210},
   title = {Graphs with unique minimum edge dominating sets and graphs with unique maximum independent sets of vertices},
   volume = {121},
   year = {1993}
}

@Book{Tsa93,
  author = 	 {E.P.K. Tsang},
  title = 	 {Foundations of Constraint Satisfaction},
  publisher = 	 {Academic Press},
  year = 	 {1993}
}

@Article{UKG88,
  author = 	 {S. Ueno and Y. Kajitani and S. Gotoh},
  title = 	 {On the nonseparating independent set problem and feedback set problem for graphs with no vertex degree exceeding three},
  journal = 	 dm,
  year = 	 {1988},
  volume = 	 {72},
  pages = 	 {355-360}
}

@InProceedings{UP05,
  author = 	 {C. Unsworth and P. Prosser},
  title = 	 {A specialised binary constraint for the stable marriage problem},
  booktitle = 	 {Proceedings of SARA '05: Symposium on Abstraction, Reformulation and Approximation},
  volume = 	 {3607},
  series = 	 {Lecture Notes in Artificial Intelligence},
  pages = 	 {218-233},
  publisher =    {Springer},
  year = 	 {2005}
}

@InProceedings{UP05b,
  author = 	 {C. Unsworth and P. Prosser},
  title = 	 {An $n$-ary constraint for the stable marriage problem},
  booktitle = 	 {Proceedings of the 5th Workshop on Modelling and Solving Problems with Constraints, held at IJCAI '05: the 19th International Joint Conference on Artificial Intelligence},
  pages = 	 {32-38},
  year = 	 {2005}
}

@article{Ukk95,
   author = {E. Ukkonen},
   journal = {Algorithmica},
   number = {3},
   pages = {249-260},
   title = {On-line construction of suffix trees},
   volume = {14},
   year = {1995}
}

@InProceedings{Uno01,
  author = 	 {T. Uno},
  title = 	 {A fast algorithm for enumerating bipartite perfect matchings},
  booktitle = 	 {Proceedings of ISAAC 2001: the 12th Annual International Symposium on Algorithms and Computation},
  volume = 	 {2223},
  series = 	 {Lecture Notes in Computer Science},
  pages = 	 {367-379},
  publisher =    {Springer},
  year = 	 {2001}
}

@InProceedings{Uno97,
  author = 	 {T. Uno},
  title = 	 {Algorithms for enumerating all perfect, maximum and maximal matchings in bipartite graphs},
  booktitle = 	 {Proceedings of ISAAC 1997: the 8th Annual International Symposium on Algorithms and Computation},
  volume = 	 {1350},
  series = 	 {Lecture Notes in Computer Science},
  pages = 	 {92-101},
  publisher =    {Springer},
  year = 	 {1997}
}

@Article{VV89,
  author = 	 {J.E. Vande Vate},
  title = 	 {Linear programming brings marital bliss},
  journal = 	 {Operations Research Letters},
  year = 	 {1989},
  volume = 	 {8},
  number = 	 {3},
  pages = 	 {147-153},
}

@article{Val79a,
   author = {L.G. Valiant},
   journal = tcs,
   pages = {189-201},
   title = {The Complexity of Computing the Permanent},
   volume = {8},
   year = {1979}
}

@article{Val79b,
   author = {L.G. Valiant},
   journal = sjc,
   number = {3},
   pages = {410-421},
   title = {The Complexity of Enumeration and Reliability Problems},
   volume = {8},
   year = {1979}
}

@book{Vaz01,
  author = 	 {V.V. Vazirani},
  title = 	 {Approximation Algorithms},
  publisher = 	 {Springer},
  year = 	 {2001}
}

@article{Wil72,
   author = {L.B. Wilson},
   journal = {BIT},
   pages = {569-575},
   title = {An analysis of the stable marriage assignment algorithm},
   volume = {12},
   year = {1972}
}

@Misc{WWW1,
  key = {WWW1},
  howpublished = 
{{\tt http://groups.yahoo.com/group/theory-edge/message/1601}}
}

@Misc{WWW2,
  key = {WWW2},
  howpublished = 
{{\tt http://groups.yahoo.com/group/theory-edge/}}
}

@Misc{WWW3,
  key = {WWW3},
  howpublished = 
{{\tt http://www.busygin.dp.ua/clipat.html}}
}

@misc{WWW4,
  key = {WWW4},
  title =  {{\tt http://www.dcs.gla.ac.uk/research/algorithms/stable/} (website of the
             {EPSRC}-funded \emph{{S}table {M}atching {A}lgorithms} research project,
              grant reference {GR/M13329})}
}

@misc{WWW5,
   key = {WWW5},
   title = {{\tt http://www.nrmp.org/}
            ({N}ational {R}esident {M}atching {P}rogram website)}
}

@misc{WWW6,
   key = {WWW6},
   title = {{\tt http://www.carms.ca}
            ({C}anadian {R}esident {M}atching {S}ervice website)}
}

@misc{WWW7,
   key = {WWW7},
   title = {{\tt http://www.nes.scot.nhs.uk/sfas/}
            ({S}cottish {F}oundation {A}llocation {S}cheme website)}
}

@misc{WWW8,
   key = {WWW8},
   title = {{\tt http://www.scotland.gov.uk/library5/education/tisc.pdf}
            ({S}cottish {E}xecutive {T}eacher {I}nduction {S}cheme brochure)}
}

@article{YG80,
   author = {M. Yannakakis and F. Gavril},
   journal = sjam,
   number = {1},
   pages = {364-372},
   title = {Edge Dominating Sets in Graphs},
   volume = {18},
   year = {1980}
}

@article{YL90,
   author = {C.C. Yen and R.C.T. Lee},
   journal = ipl,
   number = {6},
   pages = {295-299},
   title = {The weighted perfect domination problem},
   volume = {35},
   year = {1990}
}

@inproceedings{Yan90,
   author = {M. Yannakakis},
   booktitle = {Proceedings of STACS '90: the 7th Annual Symposium on Theoretical Aspects of Computer Science, Rouen, France},
   pages = {298-310},
   publisher = {Springer},
   series = {Lecture Notes in Computer Science},
   title = {The analysis of local search problems and their heuristics},
   volume = {415},
   year = {1990}
}

@incollection{Yan97,
   author = {M. Yannakakis},
   booktitle = {Local Search in Combinatorial Optimization},
   chapter = {2},
   editor = {E. Aarts and J.K. Lenstra},
   pages = {19-56},
   publisher = {John Wiley and Sons},
   title = {Computational complexity},
   year = {1997}
}

@Article{Yua96,
  author = 	 {Y. Yuan},
  title = 	 {Residence exchange wanted: a stable residence exchange problem},
  journal = 	 {European Journal of Operational Research},
  year = 	 {1996},
  volume = 	 {90},
  pages = 	 {536-546},
}

@article{ZZM91,
   author = {J.-X. Zhang and Z.-F. Zhang and X.-Y. Ma},
   journal = {Chinese Science Bulletin},
   number = {5},
   pages = {437-438},
   title = {On the relations of graph parameters},
   volume = {36},
   year = {1991}
}

@Article{Zho90,
  author = 	 {L. Zhou},
  title = 	 {On a conjecture by {G}ale about one-sided matching problems},
  journal = 	 {Journal of Economic Theory},
  year = 	 {1990},
  volume = 	 {52},
  number = 	 {1},
  pages = 	 {123-135}
}

@misc{Zit97,
   author = {M. Zito},
   howpublished = {Personal communication},
   year = {1997}
}

@InProceedings{Zit99,
  author = 	 {M. Zito},
  title = 	 {Maximum induced matchings in regular graphs and trees},
  booktitle = 	 {Proceedings of WG '99: the 25th International Workshop on Graph-Theoretic Concepts in Computer Science},
  volume = 	 {1665},
  series = 	 {Lecture Notes in Computer Science},
  year = 	 {1999},
  publisher =    {Springer},
  pages = 	 {89-100}
}

@PhdThesis{Zit99a,
  author = 	 {M. Zito},
  title = 	 {Randomised Techniques in Combinatorial Algorithms},
  school = 	 {University of Warwick, Department of Computer Science},
  year = 	 {1999}
}

@Misc{Zuc05,
  author = 	 {D. Zuckerman},
  title = 	 {Linear Degree Extractors and the Inapproximability of {MAX
CLIQUE} and {CHROMATIC NUMBER}},
  howpublished = {Electronic Colloquium on Computational Complexity Report, number 100},
  year = 	 {2005},
  number = 	 {100},
  note = 	 {To appear in \emph{Proceedings of STOC '06: the 38th Annual ACM Symposium on Theory of Computing}}
}
