@article{AB03,
  number = {3},
  volume = {46},
  author = {A.A. Anwar and A.S. Bahaj},
  year = {2003},
  journal = {IEEE Transactions on Education},
  pages = {359-367},
  title = {Student Project Allocation Using Integer Programming}
}

@inproceedings{ABM06,
  series = {Lecture Notes in Computer Science},
  booktitle = {Proceedings of WAOA '05: the 3rd Workshop on Approximation and Online Algorithms},
  volume = {3879},
  author = {D.J. Abraham and P. Bir\'o and D.F. Manlove},
  year = {2006},
  publisher = {Springer},
  pages = {1-14},
  title = {``{A}lmost stable'' matchings in the {R}oommates problem}
}

@book{ACGKMP99,
  author = {G. Ausiello and P. Crescenzi and G. Gambosi and V. Kann and A. Marchetti-Spaccamela and M. Protasi},
  year = {1999},
  publisher = {Springer},
  title = {Complexity and Approximation}
}@article{AB03,
  number = {3},
  volume = {46},
  author = {A.A. Anwar and A.S. Bahaj},
  year = {2003},
  journal = {IEEE Transactions on Education},
  pages = {359-367},
  title = {Student Project Allocation Using Integer Programming}
}

@inproceedings{ABM06,
  series = {Lecture Notes in Computer Science},
  booktitle = {Proceedings of WAOA '05: the 3rd Workshop on Approximation and Online Algorithms},
  volume = {3879},
  author = {D.J. Abraham and P. Bir\'o and D.F. Manlove},
  year = {2006},
  publisher = {Springer},
  pages = {1-14},
  title = {``{A}lmost stable'' matchings in the {R}oommates problem}
}

@book{ACGKMP99,
  author = {G. Ausiello and P. Crescenzi and G. Gambosi and V. Kann and A. Marchetti-Spaccamela and M. Protasi},
  year = {1999},
  publisher = {Springer},
  title = {Complexity and Approximation}
}

@article{ACL99,
  volume = {4},
  author = {B. Aldershof and O.M. Carducci and D.C. Lorenc},
  year = {1999},
  journal = {Constraints},
  pages = {281-292}},
  title = {Refined Inequalities for Stable Marriage}
}

@inproceedings{ACMM04,
  series = {Lecture Notes in Computer Science},
  booktitle = {Proceedings of ISAAC 2004: the 15th Annual International Symposium on Algorithms and Computation},
  volume = {3341},
  author = {D.J. Abraham and K. Cechl\'arov\'a and D.F. Manlove and K. Mehlhorn},
  year = {2004},
  publisher = {Springer},
  pages = {3-15},
  title = {Pareto optimality in house allocation problems}
}

@misc{AEMP07,
  author = {E.M. Arkin and A. Efrat and J.S.B. Mitchell and V. Polishchuk},
  howpublished = {Manuscript, 2007. \verb+http://www.ams.sunysb.edu/~kotya/pages/geomSR.pdf+},
  title = {Geometric {S}table {R}oommates}
}

@inproceedings{AIKM05,
  booktitle = {Proceedings of SODA '05: the 16th ACM-SIAM Symposium on Discrete Algorithms},
  author = {D.J. Abraham and R.W. Irving and T. Kavitha and K. Mehlhorn},
  year = {2005},
  publisher = {ACM-SIAM},
  pages = {424-432},
  title = {Popular matchings}
}

@article{AIKM07,
  volume = {37},
  author = {D.J. Abraham and R.W. Irving and T. Kavitha and K. Mehlhorn},
  year = {2007},
  journal = {SIAM Journal on Computing},
  pages = {1030-1045},
  title = {Popular Matchings}
}

@inproceedings{AIM03,
  series = {Lecture Notes in Computer Science},
  booktitle = {Proceedings of ISAAC 2003: the 14th Annual International Symposium on Algorithms and Computation},
  volume = {2906},
  author = {D.J. Abraham and R.W. Irving and D.F. Manlove},
  year = {2003},
  publisher = {Springer},
  pages = {474-484},
  title = {The {S}tudent-{P}roject {A}llocation {P}roblem}
}

@article{AIM07,
  number = {1},
  volume = {5},
  author = {D.J. Abraham and R.W. Irving and D.F. Manlove},
  year = {2007},
  journal = {Journal of Discrete Algorithms},
  pages = {79-91},
  title = {Two algorithms for the {S}tudent-{P}roject allocation problem}
}

@inproceedings{AK06,
  series = {Lecture Notes in Computer Science},
  booktitle = {Proceedings of SWAT 2006: the 10th Scandinavian Workshop on Algorithm Theory},
  volume = {4059},
  author = {D.J. Abraham and T. Kavitha},
  year = {2006},
  publisher = {Springer},
  pages = {65-76},
  title = {Dynamic matching markets and voting paths}
}

@inproceedings{ALMO07,
  series = {Lecture Notes in Computer Science},
  booktitle = {Proceedings of WINE 2007: the 3rd International Workshop on Internet and Network Economics},
  volume = {4858},
  author = {D.J. Abraham and A. Levavi and D.F. Manlove and G. O'Malley},
  year = {2007},
  publisher = {Springer},
  pages = {431-444},
  title = {The Stable Roommates Problem with Globally-Ranked Pairs}
}

@techreport{AM04,
  month = {December},
  number = {TR-2004-182},
  author = {D.J. Abraham and D.F. Manlove},
  year = {2004},
  institution = {University of Glasgow, Department of Computing Science},
  title = {Pareto optimality in the {R}oommates problem}
}

@article{APR05,
  number = {2},
  volume = {95},
  author = {A. Abdulkadiro\mbox{\v glu} and P.A. Pathak and A.E. Roth},
  year = {2006},
  journal = {American Economic Review},
  pages = {364-367},
  title = {The {N}ew {Y}ork {C}ity high school match}
}

@misc{APR07,
  author = {A. Abdulkadiro\mbox{\v glu} and P.A. Pathak and A.E. Roth},
  note = {To appear in \emph{American Economic Review}},
  howpublished = {Harvard Business School Working Paper, number 07-076, April 2007},
  title = {Strategy-proofness versus Efficiency in Matching with Indifferences: Redesigning the {NYC} High School Match}
}

@misc{APRS06,
  year = {2006},
  author = {A. Abdulkadiro\mbox{\v glu} and P.A. Pathak and A.E. Roth and T. S\"onmez},
  howpublished = {NBER working paper 11965},
  title = {Changing the {B}oston school-choice mechanism}
}

@article{AS03,
  number = {3},
  volume = {93},
  author = {A. Abdulkadiro\mbox{\v glu} and T. S\"onmez},
  year = {2003},
  journal = {American Economic Review},
  pages = {729-747},
  title = {School Choice: A Mechanism Design Approach}
}

@article{AS98,
  number = {3},
  volume = {66},
  author = {A. Abdulkadiro\mbox{\v glu} and T. S\"onmez},
  year = {1998},
  journal = {Econometrica},
  pages = {689-701},
  title = {Random serial dictatorship and the core from random endowments in house allocation problems}
}

@article{AS99,
  volume = {88},
  author = {A. Abdulkadiro\mbox{\v glu} and T. S\"onmez},
  year = {1999},
  journal = {Journal of Economic Theory},
  pages = {233-260},
  title = {House allocation with existing tenants}
}

@mastersthesis{Abr03,
  author = {D.J. Abraham},
  year = {2003},
  school = {University of Glasgow, Department of Computing Science},
  title = {Algorithmics of two-sided matching problems}
}

@article{Alc95,
  volume = {1},
  author = {J. Alcalde},
  year = {1995},
  journal = {Economic Design},
  pages = {275-287},
  title = {Exchance-proofness or divorce-proofness?{S}tability in one-sided matching markets}
}

@article{Alk88,
  volume = {16},
  author = {A. Alkan},
  year = {1988},
  journal = {Mathematical Social Sciences},
  pages = {207--209},
  title = {Non-existence of stable threesome matchings}
}

@inproceedings{BAM03,
  series = {Lecture Notes in Computer Science},
  booktitle = {Proceedings of ICALP '03: the 30th International Colloquium on Automata, Languages and Programming},
  volume = {2719},
  author = {V. Bansal and A. Agrawal and V.S. Malhotra},
  year = {2003},
  publisher = {Springer},
  pages = {527-542},
  title = {Stable marriages with multiple partners: efficient search for an optimal solution}
}

@article{BB00,
  volume = {101},
  author = {M. Ba\"{\i}ou and M. Balinski},
  year = {2000},
  journal = {Discrete Applied Mathematics},
  pages = {1-12},
  title = {Many-to-many matching: stable polyandrous polygamy (or polygamous polyandry)}
}

@article{BB04,
  number = {2},
  volume = {322},
  author = {M. Ba\"{\i}ou and M. Balinski},
  year = {2004},
  journal = {Theoretical Computer Science},
  pages = {245-265},
  title = {Student admissions and faculty recruitment}
}

@book{BB96,
  author = {G. Brassard and P. Bratley},
  year = {1996}},
  publisher = {Prentice-Hall},
  title = {Fundamentals of Algorithmics}
}
