@Inbook{DK84,
  Author = {Donald E. Knuth},
  Chapter = {1},
  Edition = {7th},
  Month = {June},
  Publisher = {Addison Wesley \& The American Mathematical Society},
  Title = {The \TeX{} Book},
  Year = {1984}
}

@Book{KD95,
  Author = {Helmut Kopka and Patrick W. Daly},
  Edition = {Second},
  Publisher = {Addison-Wesley},
  Title = {A Guide to \LaTeX$2\varepsilon$},
  Year = {1995}
}

@Inbook{KHBK09,
  Author = {Pierre Henri Kuaté and Tobin Harris and Christian Bauer and Gavin King},
  Chapter = {1},
  Month = {February},
  Publisher = {Manning},
  Title = {NHibernate in Action},
  Year = {2009}
}

@Inbook{CFP04c1,
  Author = {Ben Collins-Sussman and Brian W. Fitzpatrick and C. Michael Pilato},
  Chapter = {1},
  Month = {June},
  Publisher = {O'Reilly},
  Title = {Version Control with Subversion},
  Year = {2004}
}

@Inbook{CFP04c4,
  Author = {Ben Collins-Sussman and Brian W. Fitzpatrick and C. Michael Pilato},
  Chapter = {4},
  Month = {June},
  Publisher = {O'Reilly},
  Title = {Version Control with Subversion},
  Year = {2004}
}

@Article{MRN90,
  Author = {Rolf Molich and Jakob Nielsen},
  Month = {March},
  Pages = {338--348},
  Title = {Improving a human-computer dialogue},
  Volume = {33},
  Year = {1990}
}

@Misc{NhUse,
  Author = {NHibernate Community},
  Howpublished = {\url{http://nhforge.org/}},
  Month = {March},
  Title = {NHibernate - Home},
  Year = {2011}
}

@Misc{NielsenHeuristics,
  Author = {Jakob Nielsen},
  howpublished = {\url{http://www.useit.com/papers/heuristic/heuristic_list.html}},
  Title = {{T}en {U}sability {H}euristics},
}

@Manual{OP88,
  Author = {Oren Patashnik},
  Month = {February},
  Organization = {Stanford University},
  Title = {\bibtex ing},
  Year = {1988}
}

@Misc{TeXOrigin,
  Author = {Robin Fairbairns},
  Title = {What is TeX?},
  howpublished = {\url{http://www.tex.ac.uk/cgi-bin/texfaq2html?label=whatTeX}}
}

