@book{JS2010,
  author = {John Smith},
  year = {2010},
  publisher = {Publisher},
  title = {A thorough investigation book}
}