@book{JS2010,
  author = {John Smith},
  year = {2010},
  publisher = {Thorough Investigations Publishers},
  title = {A thorough investigation book}
}